4296 5658
574 324 1493 486 enarrarre?

178 572 322 681 alubis
352 574 792 690 adnumeravemnt,
819 580 1072 703 &posteros
1098 580 1252 680 labore
1278 584 1425 679 deum
1448 585 1621 689 madent
1646 590 1780 679 nemi

184 699 350 800 lamas
367 696 628 790 conserendi
654 697 865 792 levarunt.
921 695 985 789 Fa
1010 695 1292 797 hancsettam
1316 730 1400 818 ego
1422 705 1466 791 in
1489 703 1569 794 hac
1586 702 1779 794 meaedi-
1880 788 1884 794 ,

188 813 368 907 tiones
419 810 678 918 oiinilitui,
722 812 820 943 quia
844 838 903 902 ex
935 814 1241 945 corruptillnna
1271 816 1402 906 etiam
1425 814 1502 905 scri
1530 839 1653 929 tura,
1699 815 1775 906 ufir

274 934 282 950 '
435 950 583 1017 mneos
594 924 767 1042 velngu
779 954 911 1019 verae
925 923 1120 1017 ledbotris
1129 929 1375 1047 quaerendo
1399 846 1658 1047 mvelbgane
1674 954 1774 1020 oon·

287 1079 299 1133 ι
328 1071 418 1133 nec
447 1039 628 1147 Clerici,
654 1037 1026 1129 ntaledicentillrmi
1049 1039 1256 1148 bominis,
1285 1043 1523 1151 calumnia,
1555 1048 1630 1161 qui
1650 1076 1679 1134 a
1753 1072 1773 1134 s

200 1164 438 1249 membranis
451 1186 499 1245 nr
558 1184 599 1246 ot
622 1153 760 1242 redire
776 1182 836 1245 ex
863 1156 1277 1269 peregrinationibus
1303 1158 1422 1251 viros
1456 1157 1670 1265 ertrdiros,
1757 1158 1771 1244 i

201 1270 374 1364 codices
407 1269 457 1358 Μ
528 1338 538 1358 .
570 1292 846 1371 coemerunt,
864 1264 1013 1376 jactat,
1038 1268 1094 1361 ab
1112 1270 1301 1360 instituto
1326 1270 1414 1361 hoc
1437 1270 1674 1367 demovere

202 1387 276 1484 bet
313 1381 636 1487 adolescentes,
682 1403 733 1472 nt
764 1379 871 1470 haec
897 1378 1027 1495 spolia
1063 1382 1215 1473 nostris
1241 1383 1542 1499 bibliothecis,
1577 1389 1621 1475 in
1646 1379 1770 1474 dum

199 1499 472 1605 doliorum,
511 1493 701 1585 inferant.
760 1494 901 1582 immo
922 1491 951 1582 st
972 1494 1076 1609 quid
1102 1526 1200 1590 mea
1223 1520 1330 1592 vota
1356 1499 1553 1592 valerent
1565 1562 1579 1606 ,
1603 1499 1767 1610 juveni·

202 1614 318 1720 bus,
363 1614 438 1729 qui
465 1610 588 1701 sacris
613 1605 767 1699 nostris
792 1628 1019 1723 operantes
1044 1609 1228 1727 aliquem
1258 1610 1333 1703 libi
1357 1613 1479 1704 usum
1512 1638 1643 1704 maru
1670 1639 1767 1707 exa·

203 1749 396 1820 catorum
423 1723 623 1817 codicum
646 1719 873 1828 fecerunt,
908 1719 985 1811 has
1011 1746 1154 1839 partes
1183 1725 1373 1817 mandati
1394 1727 1555 1823 vellem
1630 1747 1681 1819 at
1707 1750 1766 1816 ex

254 1848 264 1863 ·
298 1841 416 1935 ribus
439 1835 720 1942 menaeus,
779 1854 965 1952 eosquos
991 1837 1170 1969 nasso
1195 1838 1385 1956 ponent,
1414 1846 1457 1931 s
1473 1791 1605 1933 mss
1626 1842 1765 1937 vana
1878 1902 1885 1915 .

286 1960 294 1975 '
357 1980 407 2046 es
430 1948 657 2056 oolletlas,
692 1862 830 2040 nudas
845 1949 1064 2082 ,abomnr
1092 1958 1401 2054 commentario
1436 1954 1479 2043 dc
1509 1956 1659 2061 notis,
1697 1955 1767 2045 ad·

197 2072 408 2188 scriptas,
446 2067 624 2158 minoris
648 2060 813 2153 formae
843 2090 887 2153 m
907 2062 1053 2159 bbello
1095 2065 1301 2157 ederent:
1340 2086 1388 2158 ut
1408 2069 1466 2157 ita
1483 2068 1658 2158 eruditis
1679 2093 1766 2161 am·

204 2182 444 2280 bulantibus
471 2186 514 2272 δι
546 2184 629 2269 iter
656 2176 906 2270 facientibus
939 2182 1119 2271 comites
1155 2180 1261 2271 tales
1291 2179 1504 2290 adelient,
1545 2183 1619 2297 qui
1653 2181 1765 2270 inter

198 2297 431 2416 legendum
451 2292 703 2406 conjiciendi
726 2296 769 2382 dr
792 2290 1045 2383 emendandi
1068 2316 1241 2388 veneres
1264 2291 1489 2413 scriptores
1516 2293 1763 2385 facultatem

192 2413 375 2505 timent:
405 2438 541 2528 quum
564 2434 711 2515 nuno,
740 2409 908 2538 quoties
943 2405 1287 2500 adnotationibus
1314 2408 1593 2525 locupletatas
1616 2406 1763 2501 editio-

194 2554 273 2619 nes
297 2552 451 2616 curare
484 2522 651 2633 velint,
691 2518 1000 2626 molestrffimo,
1037 2540 1107 2611 tot
1136 2521 1345 2612 editiones
1386 2526 1430 2612 n
1450 2521 1622 2614 codices
1649 2523 1762 2613 inter

192 2640 236 2733 se
253 2635 558 2755 comparandi,
578 2636 724 2727 labore
753 2631 927 2839 delunp}
944 2631 1140 2728 debeant.
1169 2634 1397 2752 Specirnen
1422 2634 1546 2748 hujus
1562 2635 1733 2726 instituti
1744 2676 1761 2743 ,

192 2754 294 2848 licet
317 2780 412 2844 non
429 2750 633 2843 omnibus
659 2774 895 2840 numerus
925 2746 1130 2858 solutum,
1159 2750 1262 2839 olim
1283 2751 1327 2838 in
1354 2749 1499 2858 Jullini
1517 2753 1683 2841 minore
1718 2780 1759 2843 e

188 2869 389 2976 ditione,
426 2895 483 2958 eo
508 2886 677 2956 tantum
697 2860 871 2952 consrlio
891 2860 1021 2966 dedi,
1057 2882 1109 2952 ut
1126 2862 1221 2954 illos
1232 2884 1247 2971 ,
1275 2864 1426 2979 quibus
1448 2873 1580 2975 majus
1595 2865 1756 2973 odum,

192 2988 239 3074 dc
263 2983 443 3077 taenea
479 2977 760 3073 bibliothecas
793 2968 1114 3078 inllnrtiiffimas
1145 2976 1417 3093 perlustrandi
1454 2981 1755 3099 contingeret,

191 3088 1756 3198 adlimiletenmrrdumcxcitarem,&utdodloruminBritanniavirorum,

222 3208 704 3346 ’'quosdam'veteres
727 3206 947 3337 utriusque
978 3202 1145 3319 linguae
1178 3204 1402 3314 auilores,
1429 3206 1510 3298 hac
1534 3204 1754 3343 solaodone

189 3320 680 3555 cassantra
697 3316 1342 3549 amrmemus
1366 3317 1753 3539 stalle

187 3552 375 3649 verbum
412 3578 502 3640 non
540 3549 736 3665 amplius·
760 3544 924 3636 addam.
991 3543 1149 3747 Nedue
1174 3572 1245 3634 me
1269 3574 1475 3664 umquam
1500 3545 1651 3638 infante
1674 3546 1748 3637 do·

185 3665 349 3763 &ritae
379 3666 519 3755 omnis
543 3663 821 3780 expertium,
867 3661 910 3746 in
936 3658 1046 3748 hanc
1105 3658 1253 3749 erilem
1275 3664 1320 3750 dt
1352 3670 1565 3773 jejunam,
1606 3668 1706 3771 uti

181 3779 336 3886 flant,
378 3778 611 3869 studiorum
648 3794 815 3893 partem
847 3774 1081 3877 conviciis,
1120 3802 1146 3863 a
1174 3772 1379 3865 sententia
1411 3776 1563 3869 abduci
1581 3778 1745 3892 patiar,

245 3898 254 3914 ‘
320 3894 467 4004 juratis
497 3892 683 3984 Criticae
709 3884 896 4021 spinosae
927 3889 970 3974 dt
1007 3884 1202 3977 horridae
1235 3886 1457 3995 hostibus,
1500 3890 1633 3981 robur

281 4011 290 4027 '
352 4005 464 4097 bene
505 4002 779 4106 continnae,
838 4004 883 4089 a
929 3998 1303 4095 calumniatoribus
1344 4001 1474 4094 ficcae
1513 4004 1739 4095 &ariae

189 4119 432 4213 comdandi
460 4122 687 4211 vmietates
723 4113 937 4221 libidinis,
983 4133 1033 4205 nt
1069 4134 1261 4220 vocant,
1303 4114 1472 4209 fortiter
1506 4144 1737 4234 opponam.

3 4306 5 4311 ,
181 4232 321 4325 Imrno
342 4233 576 4350 indignatio
603 4238 738 4340 major
824 4226 954 4321 otidie
980 4229 1169 4321 animum
1192 4229 1296 4319 mihi
1321 4229 1431 4324 subit
1443 4295 1458 4339 ,
1486 4232 1559 4327 ubi
1583 4232 1737 4347 politu-

179 4348 248 4441 los
273 4348 370 4438 illos
388 4345 711 4442 vernaculae&
730 4374 760 4431 u
814 4342 967 4433 anioris
991 4341 1225 4542 elepantiae
1245 4344 1498 4453 inflatores,
1535 4351 1579 4436 dc
1610 4343 1734 4462 ephe·

177 4463 391 4559 mondum
413 4458 723 4555 merrsttuarum
742 4455 1044 4575 compilatores
1081 4456 1348 4569 animnos,
1384 4459 1543 4551 nullam
1562 4457 1654 4549 fere
1670 4459 1734 4549 vi·

172 4577 299 4670 (leam
312 4580 477 4673 veteris
492 4572 675 4667 aunone
696 4571 929 4663 editionem
950 4569 1189 4678 recensere,
1258 4575 1328 4662 uin
1340 4575 1382 4661 in
1397 4572 1655 4665 dotlillimos
1672 4570 1734 4657 vs

176 4716 252 4786 ros
263 4758 280 4806 ,
313 4720 430 4815 quos
449 4686 684 4804 injurioso,
710 4708 761 4779 ut
777 4684 992 4853 credunt,
1022 4686 1199 4887 wne
1272 4689 1542 4780 rammaticos
1570 4689 1614 4775 dc
1627 4680 1737 4889 uchlg
