4296 5658
566 316 728 422 un
783 286 1124 423 usura
1171 322 1304 445 'rr
1360 328 1420 425 o·

176 570 282 645 tarn
306 536 434 647 vitae
457 576 537 644 me
558 544 897 674 adpropinquare
925 546 1140 664 sentiens,
1167 561 1232 647 .-&
1260 549 1498 649 lentilssmas
1523 555 1568 649 in
1592 556 1779 678 Virgilio

182 668 463 761 excudendo
495 696 673 785 operas,
729 700 805 761 uas
829 699 970 787 neque
999 701 1126 786 prece
1149 699 1289 786 neque
1317 674 1439 759 minis
1473 670 1527 760 ad
1549 674 1777 790 properan-

185 782 299 873 dum
326 796 621 877 commovere
646 702 835 901 polium,
862 784 1029 873 summo
1051 812 1151 878 cum
1181 785 1324 875 taedio
1352 787 1609 900 experiens,
1653 789 1773 897 nolui
1831 874 1838 883 .

190 898 240 985 in
266 897 378 987 illud
411 918 614 1012 tempus,
656 926 744 1013 quo
774 898 958 1014 Virgilio
988 898 1149 991 summa
1182 926 1331 988 manus
1371 898 1419 987 fit
1454 898 1682 1014 impolita,
1729 906 1772 992 δι

200 1010 317 1127 quod
353 1009 472 1101 forte
497 1011 645 1102 videre
677 1039 767 1100 non
808 1015 1054 1127 continget,
1099 1010 1269 1102 differre
1309 1011 1543 1100 Lucanum.
1612 1014 1770 1128 Neque

200 1155 258 1214 ex
281 1124 444 1239 duplici
472 1122 552 1212 hac
578 1124 763 1214 duorum
798 1124 1030 1213 Poetarum
1053 1129 1305 1230 curatione,
1356 1128 1480 1215 aliam
1504 1124 1770 1235 molestiam,

196 1236 273 1326 nist
303 1268 366 1326 ex
390 1236 519 1327 taedii
549 1236 673 1351 plena
700 1243 749 1326 dr
782 1237 964 1326 multum
993 1242 1203 1353 temporis
1242 1240 1445 1354 eripiente
1490 1236 1767 1354 speciminum
1836 1280 1840 1301 ·

203 1350 613 1469 typographicorum
643 1352 971 1453 emendatione,
1017 1350 1251 1440 subiturum
1285 1382 1355 1440 me
1386 1352 1613 1450 videbam:
1663 1382 1768 1445 narn

202 1494 469 1582 numquam,
497 1464 731 1553 multorum
760 1493 909 1569 more,
939 1465 1048 1554 inter
1073 1462 1277 1555 ferventis
1302 1466 1431 1581 praeli
1457 1465 1767 1577 festinationes,

200 1583 352 1696 scripta
378 1607 475 1669 mea
508 1582 764 1668 concinnare
788 1577 933 1682 soleo,
976 1579 1047 1667 sed
1076 1580 1240 1669 nullum
1272 1609 1476 1694 umquam
1507 1609 1617 1694 opus
1650 1586 1766 1697 typis

196 1692 427 1798 commisi,
465 1692 589 1806 quod
622 1720 711 1780 non
741 1722 766 1782 a
799 1695 936 1809 capite
962 1690 1017 1780 ad
1045 1692 1203 1781 calcem
1239 1696 1295 1781 ita
1326 1764 1327 1767 a
1354 1718 1517 1783 aratum
1549 1698 1591 1781 &
1621 1693 1767 1786 descri-

196 1830 325 1925 ptum
345 1805 400 1896 fit
420 1868 434 1913 ,
473 1826 551 1909 ut,
590 1805 620 1894 sr
654 1835 724 1895 me
751 1805 943 1920 suprema
966 1804 1304 1921 deprehenderet
1324 1724 1465 1911 bora,
1497 1833 1587 1894 non
1611 1839 1637 1898 a
1663 1839 1766 1925 quo-

196 1952 421 2037 cumque,
456 1918 590 2007 modo
618 1946 707 2007 non
737 1918 861 2035 plane
889 1919 1102 2009 literarum
1131 1919 1366 2007 nostrarum
1387 1920 1510 2024 rudi,
1552 1921 1765 2038 profligari

194 2040 244 2125 dc
264 2034 419 2125 confici
444 2031 590 2148 pollet.
650 2031 798 2142 Quare
819 2059 935 2123 nunc
964 2035 1139 2149 potius,
1187 2032 1291 2121 dum
1315 2034 1462 2147 aliquis
1482 2035 1611 2121 etiam
1639 2041 1765 2152 vigor

199 2150 357 2252 restat,
387 2145 580 2237 laborem
606 2146 720 2235 hunc
747 2145 911 2250 lubire‚
941 2172 1069 2261 quam
1094 2147 1137 2234 in
1167 2147 1377 2235 incertum
1396 2145 1534 2235 casum
1558 2145 1765 2261 proferre,
1892 2234 1897 2239 ,
1953 2216 1970 2233 ,

198 2262 429 2353 consultius
465 2259 604 2353 visum
642 2260 713 2349 est.
780 2260 939 2375 Neque
969 2263 1096 2349 etiam
1126 2258 1343 2349 deterrere
1383 2289 1453 2348 me
1482 2262 1625 2375 potuit
1660 2260 1765 2351 fasti-

198 2376 318 2466 dium
348 2374 619 2479 multorum,
662 2374 825 2489 quitor
852 2372 1041 2483 ejasdem
1071 2372 1233 2463 Poetae
1268 2372 1524 2468 editionibus
1558 2374 1764 2470 evolven-

194 2491 261 2581 tlis
284 2490 327 2581 le
353 2516 443 2577 non
470 2514 626 2577 vacare
645 2509 899 2601 querentur,
929 2516 1010 2577 nec
1034 2486 1437 2603 Typographorum
1461 2485 1665 2579 fastidiosa
1689 2519 1762 2584 na·

193 2608 290 2709 tio,
330 2605 405 2719 qui
420 2624 613 2690 nontam
640 2602 766 2691 avide
789 2601 961 2693 divendi
987 2600 1282 2716 pollenovam
1306 2600 1415 2690 hanc
1443 2601 1674 2695 editionem
1705 2614 1760 2715 ja·

195 2719 336 2821 dant,
365 2720 409 2805 dr
432 2713 553 2804 simul
606 2715 999 2831 riorisBibliopolae
1021 2714 1234 2807 invidia&
1251 2719 1464 2821 anxietas,
1484 2742 1540 2805 ne
1558 2744 1656 2807 mea
1671 2716 1760 2810 Ou-

195 2832 342 2923 dendo
393 2831 514 2919 ianae
546 2744 741 2918 editionis
758 2833 942 2945 pretium
963 2827 1262 2935 deminueret,
1308 2857 1380 2917 me
1404 2857 1586 2924 movere
1610 2854 1761 2946 potue-

195 2970 307 3035 runt
413 2970 485 3032 am
507 2947 550 3031 &
567 2943 657 3032 aliis
680 2942 774 3031 latis
790 2945 917 3032 animi
943 2941 1148 3056 superelle
1161 2940 1454 3056 deprehendi,
1482 2943 1536 3033 ad
1553 2946 1760 3036 incertam

203 3059 303 3148 lucri
336 3057 477 3147 aleam
510 3055 801 3160 subeundam,
844 3062 885 3146 δι
918 3055 1100 3145 alterum
1126 3055 1319 3144 securum
1357 3055 1601 3147 detrimenti
1629 3080 1760 3155 notae

194 3201 316 3264 meae
341 3169 640 3287 praestabunt,
677 3198 781 3285 quas
804 3172 877 3284 qui
898 3168 1119 3284 perlegere
1145 3174 1186 3257 &
1209 3172 1382 3284 exigere
1404 3168 1459 3259 ad
1488 3169 1667 3260 aliorum
1687 3203 1756 3264 oo-

193 3290 322 3405 gltata
344 3284 512 3390 velint,
548 3283 913 3397 Oudendorpiana
934 3283 976 3372 se
1006 3310 1148 3372 carere
1172 3309 1261 3371 non
1286 3282 1715 3399 polleexperientur.

249 3402 316 3493 Ut
349 3428 459 3490 vero
477 3400 709 3488 accuratius
738 3427 867 3514 quam
887 3394 1016 3499 olim,
1044 3395 1267 3486 Lucanum
1284 3418 1554 3501 excuterem,
1584 3398 1757 3515 diligen*

190 3517 278 3605 tius
294 3519 451 3603 iterum
475 3515 716 3626 iterumque
739 3531 947 3625 excerpta
972 3508 1196 3599 Heinsrana
1218 3513 1487 3625 recognovi,
1522 3515 1564 3600 δι
1580 3516 1755 3607 varieta-

193 3651 261 3719 tes
277 3655 443 3719 ‘omnes
471 3624 562 3715 fere
593 3629 708 3713 notis
728 3626 835 3714 meis
870 3624 1051 3713 inserui:
1095 3652 1195 3711 narn
1212 3651 1301 3712 non
1320 3625 1440 3739 potui
1468 3654 1493 3713 a
1523 3653 1595 3733 me
1625 3627 1754 3759 impe-

192 3765 331 3848 trate,
357 3763 408 3830 ut
433 3760 601 3831 novum
622 3738 745 3826 illurn
768 3765 936 3827 morem
960 3738 1097 3826 varias
1116 3734 1350 3841 lestiones,
1387 3737 1530 3827 medio
1545 3738 1677 3853 spatio
1694 3770 1753 3829 m·

152 3851 160 3869 ’
189 3877 258 3946 ter
284 3858 446 3947 Poetae
466 3855 602 3944 uerba
623 3855 668 3942 δι
684 3875 842 3958 notas,
868 3847 1139 3938 minutiffitno
1166 3849 1407 3940 charatiere
1431 3852 1641 3967 exprellas
1668 3854 1752 3945 col·

194 3969 391 4073 locandi,
435 3965 642 4082 sequerer.
698 3966 822 4056 Tum
851 3965 949 4079 quia
972 3964 1177 4078 gracilitas
1205 3963 1274 4052 illa
1292 3963 1507 4052 literarum
1533 3995 1679 4075 meos,
1708 3973 1751 4060 &

195 4079 305 4172 forte
328 4082 542 4187 aliorum,
577 4078 729 4170 oculos
745 4081 803 4169 ita
828 4076 1007 4194 irrigat,
1035 4081 1078 4165 dr
1094 4075 1292 4168 obtundit
1310 4105 1488 4167 ornnem
1510 4085 1673 4191 aciem,
1701 4102 1750 4174 ut

192 4194 311 4313 saepe
335 4196 536 4287 dolorem
561 4194 659 4283 inde
680 4193 1028 4297 oririsenierim,
1056 4194 1097 4278 &
1124 4190 1228 4279 alios
1258 4215 1484 4306 querentes
1501 4196 1748 4290 audiverim.
1794 4192 1805 4203 ’

186 4309 410 4402 Praeterea
434 4332 562 4397 notas
585 4320 628 4403 dr
649 4304 763 4424 signa
781 4368 795 4410 ,
813 4305 976 4421 quibus
1007 4303 1211 4409 codices,
1256 4333 1441 4420 quorum
1462 4308 1676 4426 catalogus
1703 4310 1749 4396 in

183 4422 277 4514 libri
300 4428 421 4515 initio
445 4420 698 4526 exhibetur,
712 4446 798 4509 una
820 4419 894 4511 vel
909 4419 1028 4539 litera
1051 4415 1125 4511 vel
1141 4443 1322 4507 numero
1345 4419 1642 4535 designantur,
1669 4422 1749 4511 sae

264 4569 289 4629 a
310 4534 598 4655 typographis
624 4562 852 4663 perperam
882 4560 963 4622 nec
989 4531 1071 4620 suo
1090 4531 1189 4620 loco
1218 4531 1350 4647 polita
1374 4533 1667 4649 deprehendi,
1708 4539 1750 4624 &

224 4649 231 4666 '
305 4654 444 4751 etiam
466 4653 592 4765 laepe
616 4676 689 4747 me
710 4651 769 4741 ita
798 4645 1019 4745 turbatum
1050 4645 1169 4830 vg,
1214 4665 1263 4737 ut
1286 4667 1356 4741 ter
1382 4654 1615 4764 quaterque
1638 4673 1757 4857 nun}

245 4824 283 4845 ,.
666 4784 678 4810 ⁴
1702 4791 1726 4855 a
