4296 5658
218 1462 223 1469 .
278 1410 281 1415 ‘
401 1382 544 1473 Ponto
572 1379 751 1469 Euxino
777 1378 863 1467 exh

753 336 1585 456 rannus-‘rior

385 590 432 682 in
454 586 590 680 altum
604 580 853 689 extrastos,
889 590 931 676 &
956 584 1001 673 in
1023 584 1160 679 nubes
1185 585 1457 695 contradus,
1499 587 1654 679 iterum
1679 576 1764 704 per
1779 582 1949 707 pluvias

390 703 512 795 reddi
529 725 736 792 terrarum
763 698 860 791 orbi
870 762 885 806 ‚
910 703 955 788 dc
972 698 1071 789 hinc
1091 721 1347 816 perpetuum
1368 702 1618 810 humorem,
1645 701 1744 792 licet
1761 703 1952 819 quotidie

392 818 577 908 multum
606 817 651 902 in
669 810 847 904 sublime
870 814 1018 918 abeat,
1047 813 1294 905 maribus&
1317 812 1563 909 fluminibus
1581 812 1789 907 sufficere:
1815 819 1952 904 immo

392 960 450 1021 eo
476 928 676 1046 usquein
709 926 773 1014 his
806 925 972 1016 arcanis
1000 948 1174 1016 naturae
1199 928 1502 1042 cognoscendis
1535 927 1664 1018 hodie
1684 927 1808 1045 profli
1838 949 1954 1017 atum

394 1043 484 1148 cst,
522 1040 661 1131 utad
684 1039 893 1129 calculum
917 1054 1125 1131 revocato
1151 1041 1360 1172 aquaead
1387 1041 1524 1133 nubes
1542 1042 1765 1173 cogendas
1788 958 1956 1157 adscen-

398 1157 537 1248 dentis
551 1153 686 1241 modo
697 1202 710 1256 ,-
738 1157 1045 1268 &comparato
1070 1182 1169 1241 cum
1186 1152 1386 1242 imbrium
1405 1153 1692 1245 decidentium
1712 1156 1835 1269 copia
1845 1152 1956 1258 ,cal

399 1269 506 1365 culis
528 1264 740 1359 subdusb's
757 1269 835 1358 vix
918 1287 982 1355 tta
1000 1267 1194 1358 aberrare
1220 1264 1448 1380 possimus,
1491 1267 1517 1355 s
1564 1271 1716 1358 cimine
1747 1265 1874 1359 nobis
1898 1290 1958 1354 ear
2007 1274 2052 1322 -'

862 1296 971 1469 {dito
981 1407 996 1482 3
1024 1378 1140 1467 unde
1165 1376 1376 1493 speramus
1396 1408 1473 1497 per
1530 1384 1653 1496 iquot
1675 1379 1811 1470 secula
1829 1378 1957 1469 exha'

403 1497 609 1583 lationum
627 1490 929 1605 &pluviarum
942 1492 1262 1607 comparatione
1283 1491 1486 1602 instituta,
1513 1494 1687 1585 tandem
1707 1491 1958 1585 mortalibus

403 1607 528 1716 buius
556 1606 694 1694 arcani
719 1625 879 1694 certam
901 1608 1108 1693 rationem
1143 1603 1423 1699 constiturarn
1480 1605 1570 1698 Sed
1593 1627 1810 1724 praeterea
1840 1630 1960 1722 roga·

405 1750 529 1825 rem,
556 1745 611 1806 an
634 1716 773 1805 nullae
787 1744 892 1832 ergo
918 1716 1090 1916 pluviae
1113 1718 1157 1802 in
1178 1714 1355 1831 Syrtes,
1383 1739 1455 1808 aut
1472 1717 1629 1814 fluvios
1648 1723 1783 1810 ineas
1800 1744 1961 1807 exeun·

374 1922 381 1939 ,
404 1855 473 1924 tes
505 1831 655 1921 cadere
686 1829 881 1939 soleant,
936 1828 990 1919 ed
1013 1850 1206 1917 naturam
1238 1830 1444 1922 imbribus
1466 1855 1607 1923 certos
1630 1832 1784 1922 limites
1809 1829 1959 1920 consti·

262 2034 267 2045 ,
404 1944 523 2044 tuille
533 2004 547 2047 ‚
575 1946 686 2032 inter
703 1944 806 2031 mari
822 1941 1142 2032 mediterraneo
1164 1943 1324 2034 vicinas
1353 1943 1533 2060 Syrtes,
1561 1952 1603 2034 da
1629 1974 1679 2034 os
1695 1953 1805 2055 eius,
1831 1944 1961 2031 maris

404 2080 584 2173 tangens
604 2059 801 2170 partem?
834 2059 877 2143 dc
893 2081 947 2143 an
966 2052 1116 2142 eadem
1149 2054 1283 2144 caussa
1309 2077 1376 2147 tot
1402 2057 1579 2149 vadosas
1603 2060 1645 2148 δι
1674 2056 1877 2150 brevibus
1901 2057 1962 2143 in·

406 2170 530 2262 festas
545 2170 738 2255 marium
793 2194 839 2255 er
862 2186 1005 2255 totum
1027 2166 1178 2258 orbem
1198 2190 1340 2282 partes
1365 2168 1524 2260 faciat?
1551 2170 1652 2286 Ego
1675 2172 1789 2261 rudis
1817 2171 1961 2257 omnis

315 2310 318 2316 ’
405 2285 530 2392 huJus
558 2280 751 2375 scientiae
806 2306 860 2366 oc
888 2298 1034 2368 tamen
1058 2277 1279 2371 adfirmare
1304 2281 1472 2388 audeo,
1499 2280 1723 2372 Lucanum
1745 2280 1958 2369 infelicem

404 2394 523 2485 fuisse
548 2411 718 2495 vatem,
746 2388 898 2506 Syrtes
916 2392 1021 2479 olim
1049 2391 1247 2481 tellurem
1267 2390 1464 2500 futuras,
1532 2423 1635 2482 uum
1657 2420 1836 2497 omnes,
1884 2394 1958 2507 qui

403 2535 479 2598 eas
502 2503 630 2595 hodie
651 2503 745 2617 post
762 2526 830 2592 tot
844 2502 982 2594 secula
1008 2504 1208 2598 viderunt
1223 2504 1465 2610 ‚testentur
1491 2424 1642 2623 dynes
1662 2532 1834 2596 rnancrc
1859 2500 1961 2620 8er

405 2640 471 2712 tes
495 2615 701 2721 vadosas,
729 2644 811 2707 nec
835 2646 985 2706 earum
1007 2615 1128 2706 snum
1147 2616 1502 2710 &conditionem
1535 2618 1589 2711 ab
1619 2620 1790 2734 ingenio
1817 2620 1862 2707 δε
1888 2645 1961 2708 na·

359 2734 363 2741 ‘
402 2755 500 2824 tura
523 2751 721 2823 veterum
737 2729 1120 2819 multumdifferre.

463 2844 535 2935 Ne
551 2856 661 2936 vero
680 2842 805 2933 solius
833 2841 1022 2935 Naturae
1056 2871 1207 2935 arcana
1224 2843 1462 2959 perrepfille
1488 2842 1661 2935 credant
1688 2842 1873 2958 posteri,
1900 2844 1959 2935 le·

375 3044 378 3049 Α
437 2979 509 3049 ant
539 2984 664 3069 quam
720 2958 824 3045 erite
852 2961 894 3045 δι
922 2956 1048 3047 dode
1082 2958 1207 3045 nobis
1236 2956 1410 3048 Stoicae
1441 2954 1665 3071 sapientiae
1702 2954 1855 3047 distata
1880 2982 1959 3048 ore

405 2988 589 3164 {atonis
606 3098 635 3181 p
714 3090 936 3182 at,quem‚
956 3069 1092 3161 multo
1104 3069 1263 3158 scilicet
1276 3068 1545 3189 prudentior,
1565 3066 1801 3172 Labienus,
1820 3069 1959 3159 horta·

406 3201 477 3273 tor
510 3178 715 3268 scrutandi
750 3208 867 3272 voce
898 3181 1079 3270 deorum
1106 3202 1316 3289 eventus,
1360 3179 1568 3287 consulit,
1594 3181 1711 3275 Cato
1730 3209 1839 3273 vero
1857 3182 1962 3271 Deo·

405 3296 579 3416 plenus,
608 3320 737 3405 quem
760 3308 907 3383 mente
923 3293 1121 3409 gerebat,
1147 3298 1189 3381 dc
1207 3293 1328 3404 breyi
1344 3296 1563 3400 oratione,
1579 3317 1629 3383 ut
1644 3295 1683 3383 sa
1715 3296 1724 3311 ’
1753 3316 1875 3383 ntem·
1889 3293 1961 3383 de·

406 3432 504 3514 cet,
529 3404 708 3495 ostendit
738 3404 810 3497 lib.
844 3435 911 3494 1x.
952 3409 1045 3520 566.
1073 3408 1306 3499 vanitatem
1331 3406 1507 3498 Oraculi
1538 3407 1658 3516 Jovis
1734 3408 1956 3496 ammonis.

407 3523 533 3612 Hanc
561 3537 678 3606 certe
734 3539 867 3607 artem
891 3517 1105 3610 Poematis
1133 3522 1278 3629 injuria
1306 3519 1454 3637 aliquis
1482 3518 1843 3638 reprehenderet,
1887 3516 1962 3611 nist

408 3634 544 3751 ipsum
571 3547 937 3743 Spinodsmumin
954 3634 1098 3724 verbis
1112 3632 1214 3737 illis,

565 3744 756 3941 Juffpiter
781 3747 834 3855 cst
887 3749 1111 3864 cedrumque
1135 3748 1263 3853 vides,
1292 3740 1541 3865 quodcumque
1568 3750 1737 3858 videris,

410 3851 441 3943 d
497 3855 615 3943 rendi
643 3886 672 3945 c
693 3855 735 3944 se
758 3878 860 3971 puta
917 3879 964 3945 nt
982 3886 1111 3949 verae
1132 3859 1208 3947 reli
1237 3862 1345 3947 ionis
1364 3859 1575 3948 antistites.
1734 3886 1736 3891 ·

418 4002 426 4009 ·
515 3970 704 4080 enique,
741 3996 840 4093 nam
864 3998 1013 4057 manus
1038 3968 1093 4060 de
1121 3889 1267 4061 tabdda
1294 3971 1484 4063 tollenda
1506 3971 1589 4078 est,
1614 3968 1796 4061 sterilem
1812 3971 1854 4058 dr
1874 3996 1961 4060 are·

412 4078 558 4166 nolam
578 4078 747 4170 Africae
766 4104 953 4196 partem,
979 4110 1058 4195 per
1077 4112 1205 4199 quam
1228 4084 1348 4178 Cato
1365 4090 1599 4177 exercitum
1619 4111 1775 4199 magno
1793 4112 1892 4172 cum
1906 4083 1960 4171 la·

412 4190 520 4285 bore
548 4193 697 4297 duxit,
722 4194 1033 4311 descripturuS,
1060 4197 1163 4289 avs.
1180 4200 1274 4305 610,
1304 4199 1359 4289 ad
1379 4227 1479 4313 95o.·
1504 4201 1613 4289 inter
1641 4199 1720 4288 alia
1742 4194 1927 4287 fabulosa
1938 4215 1960 4299 ‘,

414 4317 521 4508 'agae
541 4312 626 4413 jam
643 4308 746 4395 attin
777 4335 953 4398 erenon
967 4305 1096 4415 libet,
1125 4311 1344 4401 recensum
1362 4314 1447 4431 agit
1466 4313 1657 4407 omnium
1667 4374 1681 4417 ,
1709 4310 1781 4423 qui
1798 4338 1824 4396 a
1840 4334 1962 4393 mun·

503 4417 679 4539 condito
705 4447 730 4507 a
789 4419 874 4511 hoc
907 4450 1068 4513 aevum
1097 4426 1255 4543 cogniti
1281 4425 1431 4535 suere,
1477 4429 1523 4521 δε
1548 4425 1592 4513 in
1619 4421 1816 4521 omnibus
1843 4418 1961 4510 orbis

414 4530 602 4645 partibus
635 4530 819 4646 r'eperti,
868 4534 1143 4651 serpentum,
1178 4567 1203 4627 a
1235 4540 1387 4655 quibus
1424 4537 1637 4629 snsestatus
1668 4532 1747 4624 suit
1778 4531 1962 4625 Catonis

413 4644 636 4735 exercitus.
694 4642 825 4756 Quali
842 4648 910 4741 ita
933 4666 1082 4776 natura
1104 4649 1286 4761 tulisset,
1313 4673 1362 4744 ut
1383 4654 1428 4743 in
1449 4652 1529 4746 hac
1550 4670 1672 4771 parte
1685 4645 1857 4744 Africae
1872 4665 1972 4776 tam-

400 4820 402 4829 ’
839 4800 844 4805 “
1815 4783 1969 4861 noxio:
