4126 5648
414 325 1053 445 sitanstetin
1115 334 1407 425 truta.
1598 348 1688 469 ῃ,
1773 316 1853 397 ῃ

211 508 458 638 Addidit,
497 520 549 619 δι
580 512 822 653 quidquid
850 509 1035 617 mundo
1065 509 1203 616 dedit
1237 517 1334 654 ipsa
1361 502 1570 633 ueneni:

39 734 43 749 .
118 653 368 791 685Tunc
394 691 531 780 vox,
567 652 809 759 Lethaeos
834 656 1018 758 condis
1038 653 1305 791 pollentior
1333 659 1492 766 herbis

209 802 483 899 Excantare
511 797 679 920 Deos,
715 789 976 897 confundit
999 828 1244 899 murmura
1270 802 1478 938 primum

209 933 459 1061 Dillona,
478 943 528 1040 &
564 937 808 1055 humanae,
825 934 1030 1037 multum
1062 934 1299 1041 discordia
1326 942 1529 1082 linguae.

210 1076 437 1181 Latratus
460 1076 609 1179 babet
636 1078 716 1180 illa
743 1109 945 1198 canum,
982 1078 1286 1215 gemitusque
1315 1081 1556 1222 luporum.

9 1276 11 1351 4
212 1214 377 1362 Quod
398 1217 618 1353 trepidus
645 1217 807 1339 bubo,
832 1213 971 1353 quod
993 1215 1109 1319 strix
1134 1225 1366 1331 noduma
1382 1252 1664 1363 queruntur,

9 1362 11 1401 ³
117 1356 368 1496 690Qttod
392 1355 594 1461 strident
626 1358 908 1494 ululantque
933 1352 1092 1481 ferae,
1121 1358 1256 1497 quod
1281 1359 1438 1469 'fibilat
1465 1369 1632 1505 anguis

206 1499 477 1637 Exprimit,
509 1503 565 1600 ἃ
596 1497 812 1633 piandus
838 1496 985 1600 illisae
1011 1500 1232 1603 cautibus
1257 1501 1444 1626 undae,

215 1639 553 1776 Silvarumque
577 1636 776 1759 sonum,
811 1632 1082 1774 italiaeque
1103 1641 1321 1746 tonitrua
1342 1646 1500 1751 nubis

208 1777 322 1883 Tot
350 1810 508 1883 rerum
537 1813 639 1883 vox
666 1812 761 1881 una
789 1774 895 1907 luit.
926 1805 1229 1907 moxcetera
1258 1814 1403 1890 cantu

207 1919 436 2062 Explicat
462 1917 767 2045 Haemonio,
786 1944 1106 2060 penetratque
1132 1919 1184 2022 in
1212 1917 1419 2032 Tartara
1449 1927 1624 2071 lingua.

1567 2074 1662 2177 Ea·

112 2296 339 2388 Oudendorpio·
359 2302 389 2369 a
406 2304 467 2369 hoc
481 2301 590 2367 vililati
602 2302 747 2368 convenit
763 2319 772 2368 τ
788 2320 861 2368 nam
902 2318 971 2368 cem
985 2318 1105 2365 amans.
1125 2299 1243 2366 alnao
1261 2302 1357 2372 ovid.
1376 2321 1425 2368 tr·
1451 2303 1563 2373 uma.
1585 2324 1659 2377 ιιι.

109 2384 176 2448 licet
195 2403 261 2449 noo
281 2404 418 2451 carerent
443 2387 568 2468 proprio
592 2387 719 2450 nornine
734 2388 787 2451 bae
808 2404 860 2467 pe·
904 2400 952 2453 tt.
975 2383 1121 2449 &Sabini
1135 2382 1226 2467 Epist.
1239 2405 1267 2453 1.
1288 2403 1336 2466 35.
1360 2386 1660 2472 &alibitsedjpoilea

108 2463 186 2546 aes,
205 2486 271 2533 uon
294 2485 396 2534 tamen
416 2484 481 2533 tam
505 2469 622 2533 nobiles
647 2471 675 2531 bt
696 2471 861 2534 celebratae
900 2482 1003 2532 tamen
1017 2467 1066 2530 bic
1080 2468 1220 2548 discordia
1232 2470 1393 2551 praetulit,
1413 2469 1565 2556 adscripto
1584 2476 1659 2537 loco

106 2562 202 2626 eraut,
225 2553 371 2617 ut’modo
393 2567 592 2615 enumeratae.
614 2551 764 2614 nobilibus
785 2567 860 2632 ergo
902 2548 967 2614 Silii
985 2568 1057 2612 avt.
1074 2568 1124 2612 ιο.

107 2631 351 2699 medicaminibus
380 2632 559 2697 commiscet
579 2639 718 2715 vulgatas
742 2632 861 2713 penes,
942 2631 1071 2714 Agmina
1083 2632 1229 2696 barbarim
1243 2646 1284 2695 tat
1296 2628 1488 2707 discordantia
1503 2638 1576 2704 rita.

105 2710 134 2773 id
152 2714 217 2793 eli,
244 2718 394 2798 pestiferae
409 2719 528 2783 nerbas.
551 2712 617 2790 fine
638 2717 755 2776 nomine
776 2715 860 2777 enim
901 2713 964 2779 vid.
980 2713 1127 2778 Gronov.
1143 2713 1179 2776 ad
1196 2712 1303 2777 Seuer.
1319 2712 1412 2776 Herc.
1434 2716 1459 2779 F
1462 2737 1508 2783 ur.
1522 2738 1578 2805 93.

103 2791 181 2860 idem
204 2798 289 2877 saepe
310 2798 349 2863 eu
373 2813 467 2881 atque
486 2796 628 2880 ignobilia.
661 2782 860 2860 nebridius
941 2794 1013 2863 ⁶88.
1040 2793 1264 2879 Gemitnrqree]
1302 2793 1513 2884 Gemitnmqne
1537 2806 1659 2887 multi,

104 2890 152 2942 tv.
172 2898 210 2943 et
237 2880 332 2946 Pom.
351 2899 405 2945 rt.
433 2901 461 2945 t.
490 2880 652 2944 Gallionem
671 2880 855 2962 appellans,
895 2875 982 2957 quod
1004 2877 1117 2959 placuit
1137 2876 1261 2941 Cottio.
1290 2895 1351 2960 ego
1373 2885 1500 2946 mallem
1522 2886 1552 2949 in
1575 2888 1659 2954 libris

98 2955 198 3040 dicit,
895 2959 985 3028 effer,
997 2961 1157 3039 fremitus,
1177 2959 1263 3039 quod
1276 2961 1356 3043 iupis
1372 2965 1467 3049 magis
1484 2968 1656 3051 proprium.

145 3040 259 3128 Gallia,
278 3052 385 3110 crimen
400 3047 458 3109 erit
472 3045 529 3108 trix
543 3040 811 3124 earcnfirlilentbit,
897 3041 993 3104 ovid.
1007 3060 1038 3104 v.
1058 3042 1135 3104 Met.
1153 3042 1226 3121 627.
1590 3096 1596 3105 .

184 3126 323 3193 Carmine
340 3147 369 3194 tr
383 3148 555 3195 nomentan
570 3124 696 3208 iniuste
712 3144 784 3190 meo.
820 3156 825 3166 ·
935 3122 968 3185 Si
980 3142 1039 3208 qua
1051 3124 1132 3207 lupar
1151 3125 1235 3189 audit
1254 3125 1365 3189 circum
1371 3127 1491 3211 stabula
1508 3129 1572 3195 alta
1585 3124 1674 3210 fre-⁸

93 3205 159 3273 vid.
176 3210 214 3274 ad
230 3212 324 3278 Orid.
343 3231 391 3281 rx.
409 3209 493 3275 Met.
508 3214 578 3292 669.
601 3226 700 3291 mox,
716 3206 853 3286 sacratas
1019 3224 1140 3272 menter.

96 3294 226 3356 carmine
244 3294 388 3361 Turrim.
893 3284 954 3355 set
975 3304 1083 3354 contra
1103 3286 1227 3351 codices
1251 3289 1326 3355 nihil
1347 3306 1461 3375 muto,
1480 3297 1551 3378 quia
1565 3300 1667 3377 variis,
1721 3324 1724 3329 ·

131 3375 205 3456 ⁶83.
230 3377 414 3461 Ordinem]
455 3373 568 3440 Dirum
587 3371 691 3457 qnibnr
713 3391 743 3433 ar
764 3370 851 3437 Tur·
892 3374 1073 3437 animalibus
1091 3371 1237 3455 gemitum
1253 3373 1324 3435 dare
1344 3374 1442 3439 solent
1460 3377 1585 3445 Po'e'tae.
1608 3385 1655 3446 vi·

91 3453 164 3519 rita,
179 3461 291 3522 duram
305 3476 436 3542 quatuor
450 3460 526 3522 libri.
549 3457 656 3520 imbuit
671 3453 782 3519 Hamb.
804 3474 848 3536 pt.
891 3453 930 3516 de
954 3454 1116 3520 dodilfimi
1135 3453 1354 3599 ‘Canuegieteri
1373 3453 1527 3524 bissenae
1552 3462 1589 3524 de
1605 3464 1654 3528 A·

89 3532 181 3602 berbii
196 3560 333 3622 quatuor
349 3543 377 3606 δι
393 3542 520 3606 totidem
534 3558 550 3600 a
565 3556 608 3602 m.
627 3557 674 3619 pt.
696 3538 798 3619 adjicit
818 3537 848 3601 dt
891 3537 984 3599 viano
999 3556 1068 3618 cap.
1086 3554 1198 3602 xvttt.
1219 3538 1249 3598 vi
1273 3583 1279 3597 .
1297 3538 1324 3601 a
1344 3540 1399 3601 inf.
1415 3559 1449 3604 vt
1461 3560 1486 3604 t.
1504 3543 1575 3612 ⁴82·
1597 3546 1650 3608 ubi
1683 3570 1698 3585 κ

87 3616 247 3689 Heinius.
297 3626 459 3689 luititiom
489 3642 584 3702 porro
614 3622 697 3682 bunc
726 3619 848 3681 versum
889 3619 1049 3683 montibus
1067 3618 1296 3718 datutgemitar.
1321 3620 1448 3700 sequens
1469 3624 1572 3688 vetius
1602 3630 1652 3689 lo·

87 3708 179 3769 credit
197 3706 455 3787 Oudendorpius.
474 3704 523 3769 sed
546 3717 609 3767 tam
629 3699 851 3782 facilejugula·
892 3717 965 3763 cum
980 3702 1071 3765 suum
1091 3718 1167 3764 tuen
1192 3701 1428 3780 potellauitore
1443 3720 1544 3769 terere
1557 3726 1650 3775 cout-

81 3800 130 3862 τε,
151 3792 208 3868 qui
224 3792 258 3852 iu
276 3794 419 3855 omnibus
432 3784 721 3867 codiciboslegitur,
739 3783 849 3862 religio
891 3798 1063 3848 mentatore
1075 3782 1198 3847 Horatii
1216 3789 1250 3846 ad
1264 3781 1363 3865 Epod.
1377 3804 1408 3845 v,

71 3870 227 3939 'mibieib
252 3875 344 3936 credo
360 3891 469 3956 parum
494 3870 626 3941 referre,
662 3864 779 3944 herbis,
804 3864 847 3929 ‘an
931 3867 1002 3945 690.
1030 3866 1144 3947 Angeia
1166 3863 1341 3948 Exprimit,
1356 3866 1421 3949 &J
1451 3862 1584 3933 Cottius
1602 3871 1649 3938 dl.

79 3944 197 4033 habas,
225 3958 321 4035 legas.
363 3954 423 4019 Sed
440 3954 458 4018 fi
476 3975 505 4015 os
519 3952 560 4016 eli
575 3947 735 4013 accusativi
758 3945 844 4011 casus
888 3945 1008 4030 llinguit
1031 3950 1095 4026 poli
1109 3950 1233 4044 angai13
1256 3949 1414 4013 &novam
1429 3949 1587 4030 periodum
1601 3956 1650 4020 itt·

77 4030 183 4100 durius
201 4038 251 4102 est
268 4039 439 4118 inspicerent
451 4037 542 4098 alicui
559 4035 612 4098 rei.
636 4049 727 4111 quare
743 4029 843 4093 inno·
886 4032 987 4096 cboat.
1011 4029 1165 4114 Exprimit
1180 4029 1358 4113 &plauditis
1369 4033 1429 4096 dte.
1446 4030 1561 4112 illaesae
1575 4060 1647 4102 tan·

75 4116 236 4184 minarito
254 4124 358 4203 capio,
383 4138 416 4185 ut
439 4120 478 4182 ita
498 4117 600 4203 lingna
619 4116 720 4199 liqui,
741 4135 845 4175 manne
884 4113 962 4176 tibet
982 4110 1109 4176 Tbuan.
1124 4128 1222 4193 quart.
1243 4114 1272 4175 dt
1297 4111 1384 4177 Voti.
1401 4114 1536 4177 cantibus
1553 4116 1645 4195 Rure,

69 4216 173 4278 gerere
198 4204 372 4285 dicuutur,
397 4202 547 4268 &fimilia
566 4197 665 4260 obvia.
690 4195 753 4261 vid.
772 4196 844 4260 infr.
885 4195 946 4262 fec.
968 4192 1066 4276 Elisae
1086 4196 1220 4281 cantilat
1243 4192 1396 4259 Heinius.
1416 4197 1454 4258 tle
1478 4198 1646 4273 differentia

73 4283 147 4363 798.
169 4308 242 4347 vax
255 4288 405 4355 confundit
421 4304 574 4347 murmuret
589 4279 701 4342 eodem
715 4280 823 4343 mod0.
886 4277 998 4341 horum
1021 4278 1185 4341 verborum
1202 4273 1315 4337 illidere
1346 4279 1373 4340 dt
1397 4279 1503 4341 elidere
1525 4287 1647 4365 egregie

110 4366 188 4447 ⁶85.
235 4366 419 4447 fallentur]
462 4366 615 4429 Potentiae
635 4356 760 4425 Thoan.
783 4361 843 4424 see.
883 4361 1040 4444 agitidem
1061 4358 1299 4445 cannegietetus
1322 4357 1645 4432 nuntiantium.

67 4450 258 4529 gloffatoria
277 4469 329 4516 aut
345 4451 454 4517 librarii
468 4446 597 4532 impetiti
611 4460 844 4527 utetrotttmpu·
887 4458 916 4521 7.

65 4545 111 4595 to.
123 4536 292 4613 confundit
305 4554 415 4598 omnes
426 4534 505 4597 iere.
890 4546 893 4553 ·
931 4537 1003 4607 692.
1023 4523 1190 4608 linitraa]
1215 4522 1357 4589 Lutatius
1376 4520 1494 4587 adstat.
1508 4524 1647 4594 1.'l'heb.

104 4614 185 4692 687.
197 4616 389 4700 Humanae]
413 4615 555 4679 Humana
568 4606 843 4695 tingnaltottaert.
887 4624 960 4687 257.
981 4608 1032 4673 ubi
1048 4611 1160 4671 tonitru
1174 4621 1283 4670 neutro
1299 4624 1409 4691 genere
1423 4625 1439 4667 a
1455 4604 1586 4670 Lucano
1602 4612 1648 4672 di·

62 4712 141 4773 tm.
157 4698 230 4768 sec.
247 4700 379 4787 diffamia
391 4702 514 4767 solebat
534 4694 677 4767 flauum
693 4694 772 4761 banc
787 4714 852 4782 toi⁴
887 4693 917 4759 ci
930 4692 987 4780 ait,
1010 4692 1148 4778 adducit,
1162 4688 1516 4847 fiadaqqaqrqnqramin
1527 4689 1649 4843 salanaq:

1104 5128 1127 5193 b
