4296 5658
769 270 1600 409 ERnERnle

401 519 540 639 nodi
556 518 758 626 Poetae,
793 539 882 611 tam
908 509 1112 629 invidiose
1139 551 1170 611 a
1190 519 1333 611 multis
1353 516 1551 627 laudati,-
1583 519 1960 642 caussa-'protulisse‘

398 638 547 731 videar
565 701 580 747 ,
596 736 600 751 ,
615 660 729 735 nunc
743 662 823 749 per
846 633 1004 749 species
1024 634 1263 750 quaedam,
1291 636 1467 750 quaein
1485 633 1559 725 illo
1583 639 1756 731 minime
1779 643 1958 756 proban·
2092 653 2094 656 ‘

399 749 455 842 da
478 749 568 842 elle
585 734 832 853 censemus,
859 745 1105 857 inmedium
1124 744 1373 839 adferamus.
1406 823 1410 831 .
1532 806 1539 855 :
1576 846 1582 853 ,
1706 800 1715 853 ;

409 854 433 979 ᾗ,
455 861 507 952 In
541 844 630 978 ipso
663 863 856 951 carminis
889 860 1098 977 principio
1131 860 1308 983 semper¹
1323 859 1449 975 Epici
1479 854 1641 963 Poetae
1671 862 1806 958 solent
1833 895 1926 959 rem
1942 886 1974 977 ,k

400 1006 529 1103 quam
559 1000 711 1085 canere
735 970 1029 1083 instituerunt,
1077 978 1222 1089 paucis
1246 973 1389 1067 verbis
1414 1000 1688 1088 proponere,
1716 984 1790 1067 ἃ.
1804 980 1974 1074 deinde*

400 1115 563 1197 numen
590 1084 762 1202 aliquod
783 1089 1019 1194 invocare,
1054 1098 1171 1200 cujus
1196 1086 1312 1203 quasi
1334 1084 1526 1193 instinstu,
1543 1094 1584 1177 ἃ
1612 1091 1877 1207 inspiratione
1899 1125 1972 1191 re·.

401 1201 515 1318 siqua
537 1190 828 1314 exsequantur.
869 1194 918 1288 ln
945 1200 1064 1289 initio
1095 1201 1225 1315 nostri
1252 1200 1468 1291 Poematis
1509 1229 1599 1290 non
1626 1203 1812 1301 haerebo
1848 1211 1961 1303 circa

402 1313 933 1435 reprebenfipnem,quam
953 1310 1128 1431 suscepit
1142 1314 1383 1419 Abramus,
1399 1312 1453 1423 ad
1466 1311 1663 1407 Ciceron.
1679 1319 1970 1434 proMarcell.'

403 1459 494 1546 cap.
511 1458 572 1518 11.
603 1427 721 1541 quod
744 1432 845 1524 bella
855 1450 932 1545 per
949 1432 1176 1518 Aemutbios
1198 1451 1344 1545 campos
1366 1426 1552 1536 dixerit,
1591 1435 1972 1564 quumproelium,

404 1569 540 1653 unum
559 1540 644 1629 hoc
662 1538 779 1631 fuine
799 1540 992 1646 constet,
1028 1566 1109 1631 nec
1129 1568 1190 1633 ,an
1210 1539 1278 1632 Cl.
1307 1539 1521 1633 Graevius
1551 1542 1658 1635 hanc
1689 1551 1975 1701 vituperatio,

237 1653 241 1657 ’
281 1733 283 1737 .
401 1682 506 1751 nem
539 1653 650 1748 bene
679 1644 935 1759 discusserit,
999 1655 1067 1745 uia
1086 1658 1223 1747 bellum
1246 1680 1335 1770 pro
1349 1654 1547 1768 proelio,
1595 1683 1685 1745 non
1713 1661 1757 1746 in
1773 1648 1966 1755 Lucano

402 1766 543 1883 modo
566 1764 841 1882 frequenter,
877 1765 950 1857 sed
1043 1767 1157 1883 apud
1179 1766 1306 1873 alios,
1336 1769 1543 1881 reperitur
1563 1769 1778 1886 posrtum,
1805 1779 1967 1891 &quia

306 1916 311 1925 ·
404 1884 450 1999 in
471 1881 710 1972 Aemathiis
733 1880 892 1997 campis
919 1877 1213 1977 decretorium
1229 1881 1283 1970 de
1307 1882 1487 1997 imperio
1503 1905 1715 1974 certamen
1742 1884 1821 1977 fuit
1849 1919 1968 1979 eom-

403 1994 602 2099 missum,
646 1991 824 2110 potuisse
848 1993 932 2083 boc
955 1994 1141 2109 primum
1170 1993 1380 2109 proelium
1435 1992 1518 2083 uasr
1545 2000 1676 2084 totius
1707 1999 1884 2092 bellica
1914 2025 1966 2097 ut
1995 2024 1996 2028 '

434 2100 995 2223 raedtcaffebaecsspotiusad
1009 2023 1892 2221 Grammaticorumdisqui[itionemablea
1955 2188 1967 2211 .

448 2214 481 2312 d
502 2216 924 2325 animadvertendum
943 2240 1073 2335 putu,
1097 2218 1232 2309 statim
1249 2219 1428 2307 Poetam
1444 2222 1620 2325 nimium
1639 2228 1821 2338 partium
1838 2145 1966 2320 iom-
2006 2326 2009 2333 Δ

404 2328 645 2453 pejanarum
668 2328 849 2447 studium
865 2331 1121 2439 ostendere,
1153 2336 1193 2422 δι
1211 2359 1344 2447 quum
1365 2334 1377 2419 i
1407 2331 1447 2421 se
1465 2362 1652 2435 conamune
1675 2340 1840 2450 ecstasin
1855 2362 1966 2433 utra-

392 2478 490 2565 xque
523 2462 643 2562 parte
669 2444 931 2563 adgnoscat,
975 2442 1152 2534 caussam
1179 2467 1320 2539 tamen
1399 2443 1574 2559 aesaris,
1611 2478 1740 2562 quam
1768 2452 1851 2566 ipse
1873 2462 1967 2546 Diis

402 2560 581 2680 placuisse
605 2556 748 2674 postea
767 2556 897 2663 dicit,
913 2559 1037 2675 scelus
1062 2587 1251 2651 vocare:
1296 2585 1383 2672 quo
1409 2557 1533 2647 titulo
1557 2563 1716 2651 centies
1739 2564 1969 2662 Caesarem

409 2678 452 2771 &
480 2682 567 2782 ejus
597 2692 738 2789 partes
764 2672 989 2787 sequentes
1012 2668 1205 2783 infamat,
1247 2673 1373 2762 etiam
1397 2670 1470 2764 ubi
1497 2673 1701 2764 virtutem
1729 2678 1966 2797 insrgnem‚

256 2814 267 2821 “
408 2810 459 2885 ut
470 2787 662 2878 Scaevae
677 2784 767 2877 libr.
782 2814 855 2875 vr.
875 2813 1005 2901 quam
1023 2787 1150 2876 etiam
1171 2787 1215 2873 in
1232 2782 1349 2873 hoste
1369 2781 1538 2875 laudare
1554 2785 1776 2900 debuisset,
1806 2822 1978 2899 memo,

410 2890 509 3003 tare
528 2902 571 2989 sc
596 2890 752 3020 augere
778 2896 897 2988 solet.
929 2896 972 2987 'l
1006 2896 1094 2986 sum
1125 2900 1254 2993 etiam
1280 2880 1541 3005 Caesarem,
1593 2904 1760 3015 quoties
1784 2907 1971 3001 uirtutes

412 3014 611 3119 eximias,
648 3010 940 3117 clementiam,
990 3009 1089 3103 dem
1106 3008 1354 3211 &iustitiam
1373 3034 1567 3119 exercet,
1594 3015 1720 3105 nobis
1737 3006 1901 3222 semper
1919 3006 1978 3114 υἷ’
2012 3054 2029 3125 j

411 3116 660 3219 sceleratum
685 3124 904 3242 depingit,
932 3153 1065 3240 quum
1090 3125 1144 3218 be
1177 3154 1250 3213 um
1271 3118 1356 3211 hoc
1386 3123 1511 3218 civile
1543 3148 1785 3220 cantaturus
1841 3131 1974 3226 ebuis·

411 3234 472 3329 set
489 3239 561 3345 se,
590 3241 633 3339 in
650 3238 769 3327 initio
794 3260 940 3341 certe,
968 3238 1157 3329 medium
1180 3266 1357 3353 gerere,
1386 3240 1430 3328 δι
1456 3266 1545 3326 non
1572 3238 1646 3329 nisr
1660 3241 1998 3362 postsacinora,

412 3344 634 3467 utriusque
666 3349 857 3445 fastionis
892 3371 1056 3441 narrata
1078 3351 1283 3462 Judicium
1317 3349 1390 3442 uel
1416 3349 1510 3439 Diis
1538 3352 1612 3443 vel
1639 3353 1881 3463 hominibus
1909 3393 1975 3456 re·

407 3467 605 3582 ‘linquere
629 3530 643 3574 ,
681 3467 723 3553 &
750 3465 809 3556 ita
836 3463 1095 3555 Ciceronem
1121 3466 1270 3557 imitari
1288 3525 1302 3567 ,
1323 3464 1409 3578 'qui
1438 3467 1480 3552 in
1509 3463 1716 3559 Oratione
1743 3499 1823 3586 pro
1850 3471 1978 3595 Liga-

279 3642 282 3650 ι
414 3580 480 3673 rio
501 3580 584 3682 hoc
599 3606 688 3667 non
709 3580 990 3685 umbellam,
1036 3608 1151 3696 quam
1161 3579 1432 3778 [eceffionem
1481 3607 1554 3668 non
1580 3583 1710 3695 hostile
1736 3589 1883 3694 odium,
1909 3593 1980 3703 led

416 3699 528 3783 clarile
555 3693 764 3800 diffidiare,
793 3717 874 3779 nec
890 3719 1095 3811 umquam
1118 3693 1160 3806 ip
1177 3719 1254 3780 um
1276 3689 1385 3780 Pom
1416 3699 1558 3801 ejum,
1586 3693 1657 3785 sed
1674 3694 1800 3810 folum
1814 3702 1980 3820 &pra

416 3802 515 3923 imam
551 3808 785 3895 Tuberonem
820 3801 905 3901 hoc
919 3803 1046 3919 scelus
1076 3834 1128 3919 ap
1159 3802 1296 3925 ellaffe
1329 3720 1531 3893 addrmat
1585 3804 1675 3896 Sed
1694 3807 1780 3898 scio
1800 3811 1980 3909 Cicero'·

346 4000 352 4011 ,
417 3948 519 4013 nem
539 3917 644 4010 haec
672 3917 861 4022 caussae,
891 3944 1021 4031 quam
1048 3833 1217 4010 diceim
1230 3979 1244 4023 ‚
1277 3914 1433 4007 dedisse
1459 3914 1576 4031 polle
1599 3918 1870 4034 responderi,
1899 3928 1978 4025 sed

417 4054 560 4125 tamen
575 4030 720 4119 ausum
738 4025 857 4120 fuisse
871 4027 956 4119 hoc
972 4027 1027 4117 de
1045 4028 1309 4135 Tuberone,
1327 4027 1505 4119 Caesare
1522 4030 1738 4140 audiente,
1754 4037 1981 4153 impuden.

417 4146 483 4267 ter
511 4141 729 4234 adfirmare
756 4169 846 4251 non
860 4162 1030 4271 putem.
1058 4146 1194 4249 bellum
1218 4148 1442 4274 plusquam
1474 4148 1587 4233 ciuile
1611 4150 1807 4239 acumine
1837 4151 1977 4251 decla-f

418 4260 599 4363 maturio
628 4284 815 4361 vocare,
857 4282 904 4343 m
929 4256 1043 4345 notis
1069 4255 1358 4359 ostendimus,
1395 4259 1436 4345 δι
1464 4256 1582 4372 quod
1604 4256 1776 4355 uidetur
1802 4263 1976 4365 ovidio

415 4368 652 4488 sublegisse,
676 4371 749 4486 qui
775 4366 830 4459 de
852 4365 1061 4486 Neptuno
1089 4366 1160 4463 libss
1175 4396 1276 4483 xrr.
1290 4366 1401 4461 Met.
1427 4380 1520 4485 583.
1772 4410 1776 4419 ·
1970 4377 1983 4395 ’“

563 4490 751 4577 ,Exercet
778 4514 972 4575 memores·
979 4489 1183 4603 plusquam
1209 4487 1397 4597 ciuiliter,
1410 4491 1508 4574 iras.
1967 4518 1972 4527 ·

279 4702 283 4713 ,
416 4597 578 4711 idest,
613 4593 922 4726 Tyrannorum
947 4600 993 4693 in
1010 4626 1208 4721 morem,
1237 4596 1369 4731 qul⁰il
1395 4598 1537 4727 noller
1553 4601 1624 4699 uni
1659 4598 1826 4721 Caesari
1838 4602 1979 4817 prieti,

418 4752 423 4763 ·
1631 4740 1638 4753 ·
1870 4749 1978 4821 uere
