4296 5658
567 360 1391 467 PRAEFATIQ

162 589 322 686 robora
339 590 640 699 &illummam
670 612 751 702 ut,
786 622 844 685 ex
860 594 940 684 illis
958 593 1235 685 tumultuario
1257 622 1365 713 rogo
1393 597 1632 693 construdo
1644 667 1660 713 ,
1687 626 1758 701 ca·x

163 709 297 799 daver
327 705 541 825 Pompeji
571 707 854 799 combureret.
910 708 1088 824 Rogare
1113 708 1265 797 lubens
1295 711 1456 803 vellem
1487 713 1747 828 Lucanum,

161 848 217 910 an
246 820 339 910 hoc
361 821 461 912 vile
492 847 649 936 corpus
672 820 844 930 alicujus
862 818 1077 927 Romani,
1100 821 1158 941 ibi
1183 818 1295 912 forte
1312 829 1502 932 mortui,
1528 856 1583 918 an
1598 831 1743 950 Aegy.

195 931 435 1023 tiincolae
467 932 583 1023 istius
607 932 740 1021 litoris
772 933 934 1023 suerit?
980 962 1114 1049 quum
1138 961 1249 1022 vero
1276 933 1523 1027 Romanum
1557 943 1741 1035 cadaver

217 1050 224 1063 ‘
258 1080 283 1137 e
303 1046 439 1135 nullo
460 1047 601 1139 verbo
619 1045 692 1137 vel
707 1069 810 1138 nota
826 1045 1004 1150 indicet,
1030 1044 1227 1137 credibile
1246 1047 1304 1136 est
1322 1051 1449 1166 Aegy
1479 1056 1585 1142 tium
1605 1054 1738 1151 fuisse:

171 1165 211 1250 dr
228 1162 309 1251 hoc
320 1159 474 1274 colligi
488 1158 610 1274 possit
618 1189 699 1263 ,err
708 1185 787 1264 eo,
827 1158 914 1247 uod
926 1187 1081 1273 corpus
1093 1160 1177 1247 vile
1177 1159 1263 1273 ficis
1272 1159 1403 1267 dicat,
1424 1163 1432 1179 ’
1484 1164 1563 1272 est,
1583 1195 1736 1283 cogna-

169 1275 219 1363 tis
240 1274 360 1382 (vid.
376 1270 571 1363 Serv.ad
586 1271 792 1387 Virgvr.
845 1271 1047 1471 enom«)
1067 1271 1356 1386 quiibisedem
1371 1274 1733 1396 habebantmegli-

164 1409 316 1503 genter
327 1393 374 1476 δι
391 1385 479 1473 fine
496 1383 629 1475 multa
650 1412 750 1472 cura
766 1412 877 1498 rogo
891 1386 1009 1497 impo
1025 1406 1156 1489 rtum,
1172 1388 1214 1472 dc
1231 1383 1316 1474 srne
1329 1386 1500 1479 custode
1517 1391 1730 1485 residium:

192 1529 326 1606 uum,
343 1498 375 1586 sr
390 1497 617 1587 Romanus
636 1518 709 1585 aut
722 1496 842 1586 miles
852 1521 947 1601 ‚aut
960 1498 1729 1627 peregrinatormortuusilliclociluis

162 1531 245 1721 set,
262 1611 438 1726 illesum
455 1609 513 1703 ibi
528 1608 800 1721 habuiffevix
813 1608 1011 1701 credibue
1025 1607 1229 1698 videatur.
1265 1612 1327 1701 At
1357 1615 1400 1699 ui
1421 1612 1727 1732 srAegyptium

161 1724 241 1814 suit
254 1725 470 1829 cadaver,
508 1721 581 1813 uid
589 1718 1066 1837 responderetLucanus
1076 1743 1143 1810 tot
1153 1719 1344 1836 scriptori
1374 1754 1447 1831 us,
1467 1732 1728 1845 &inprimis

162 1836 343 1942 Melae,
371 1837 446 1951 qui
466 1836 497 1924 li
528 1844 593 1924 .l.
613 1865 653 1949 9.
680 1832 923 1949 Aegyptios
937 1853 1110 1922 mortuos
1135 1864 1201 1923 nec
1224 1841 1400 1926 cremare
1426 1842 1641 1953 uecjodere
1651 1847 1726 1958 sar

164 1959 238 2057 effe
262 1972 441 2069 putare,
479 1947 604 2036 nobis
623 1945 842 2035 tradidere.
898 1946 973 2037 An
988 1945 1072 2037 hoc
1091 1940 1334 2061 Pansophus
1353 1949 1493 2038 noster
1508 1955 1729 2066 ignorave-

168 2066 263 2167 rit,
299 2086 371 2152 aut
392 2060 614 2151 crediderit
648 2057 753 2149 haec
777 2078 943 2148 tantum
975 2058 1029 2148 de
1064 2058 1303 2173 regibus&
1337 2055 1560 2153 illustribus
1592 2071 1728 2175 viris,
1868 2056 1904 2079 ”

173 2203 367 2291 quorum
386 2202 560 2289 corpora
579 2167 705 2262 unda
726 2176 768 2260 da
793 2169 999 2261 medicata
1022 2173 1066 2257 in
1084 2168 1330 2259 conditoriis
1354 2176 1725 2285 recondebantur,

168 2286 287 2395 (vid.
302 2286 376 2378 lib.
396 2317 458 2374 rx.
474 2289 621 2399 153.&
635 2284 743 2398 seq)
771 2282 1062 2401 intelligenda,
1088 2282 1189 2375 vilia
1203 2311 1312 2375 vero
1329 2314 1510 2402 corpora
1526 2291 1727 2409 inignem

164 2402 225 2489 im
258 2399 396 2489 osta?
420 2397 562 2489 nescio
573 2460 588 2504 ,
615 2424 696 2486 nec
721 2393 795 2483 nisi
812 2396 970 2486 idoneo
988 2393 1162 2485 austore
1182 2396 1389 2510 probetur
1411 2401 1593 2491 credam.
1624 2406 1728 2497 Cer·
1864 2415 1867 2418 ’

165 2534 210 2603 te
222 2430 405 2603 PPoetae
420 2532 563 2627 partes
581 2573 595 2616 ,
624 2510 752 2599 toties
775 2529 896 2598 extra
914 2507 1021 2598 fines
1045 2510 1219 2598 carmini
1238 2510 1412 2624 praescri
1446 2537 1514 2603 tos
1529 2524 1752 2634 evaganti.

164 2625 232 2715 hic
259 2625 442 2716 licuisset
461 2623 642 2714 modurn
660 2620 885 2737 sepeliendi
902 2620 1015 2736 apud
1037 2621 1280 2736 Aegyptios
1298 2650 1379 2713 nos
1402 2542 1588 2735 docere,
1615 2634 1731 2726 &ita

162 2738 366 2859 potuisset
384 2741 428 2828 in
446 2736 640 2827 omnium
657 2736 849 2851 gentium
866 2736 990 2834 ritus,
1012 2733 1165 2851 quibus
1179 2733 1385 2827 cadavera
1404 2739 1729 2849 tradant,diva·

165 2881 436 3057 pathmum
458 2952 610 3053 artium
623 2968 709 3073 jam
733 2959 927 3077 peritiam
957 2954 1071 3050 suam
1092 2955 1214 3158 saepe
1238 2954 1522 3053 ostentantem
1547 2958 1729 3060 Poe‘tam

171 3077 383 3185 vidimus,
430 3076 502 3167 sed
529 3077 674 3166 deerat
696 3103 839 3164 rerum
864 3075 992 3162 etiam
1012 3090 1160 3162 natura
1177 3075 1262 3161 iurn
1284 3074 1487 3182 scientia,
1557 3103 1654 3169 uam
1683 3085 1728 3173 in

166 3218 283 3281 eone
291 3191 442 3306 aliquis
453 3187 728 3292 desideraret,
746 3184 874 3276 efficit
885 3184 1060 3300 diligens
1068 3185 1277 3384 inquistio
1299 3186 1368 3276 lib.
1385 3107 1555 3282 meavi.
1566 3211 1658 3298 303.
1672 3194 1728 3286 ad

164 3315 261 3409 318.
288 3308 335 3392 in
363 3303 535 3407 causas,
559 3308 678 3418 'quae
700 3299 863 3414 Syrtim
882 3318 971 3387 tam
991 3296 1107 3391 vado
1125 3327 1195 3387 am
1224 3297 1441 3405 fecerant,
1470 3331 1603 3416 quum
1626 3311 1727 3398 vici·

162 3443 267 3506 num
303 3415 379 3545 ipsr
408 3444 559 3520 mare,
612 3422 730 3524 cujus
759 3412 865 3501 srnus
892 3409 981 3515 est,
1024 3409 1198 3507 satisfit
1235 3409 1509 3527 profundum.
1564 3416 1725 3507 Noster

190 3559 240 3619 ro
268 3557 369 3645 prm
398 3531 406 3548 ’
440 3532 483 3617 ἰο
509 3548 631 3616 certo
656 3527 814 3641 ponit,
860 3521 994 3612 solem
1019 3521 1061 3612 se
1101 3522 1267 3637 pascere
1296 3547 1433 3639 ponto
1460 3530 1502 3615 &
1529 3556 1638 3642 aqua
1666 3534 1727 3619 in·

161 3556 215 3732 de
242 3642 404 3732 substra
486 3670 501 3743 3
544 3637 710 3728 &hinc
745 3633 971 3750 consequi,
1005 3634 1193 3748 Syrtes,
1235 3667 1345 3750 quae
1380 3639 1483 3726 olim
1511 3640 1727 3754 pleniores

161 3783 269 3871 aqua
285 3755 486 3856 fuerant,
513 3748 661 3843 sensam
680 3749 870 3840 sicciores
895 3744 1026 3838 fatus
1048 3747 1137 3862 ipso
1163 3746 1235 3837 srbi
1258 3752 1404 3841 vicino
1427 3750 1606 3867 pelago:
1635 3785 1721 3846 ma·

161 3896 287 3982 guam
310 3895 425 3961 vero
453 3861 571 3973 fuisse
592 3866 616 3952 ai
646 3892 725 3952 uae
749 3864 791 3950 in
814 3861 1013 3975 Syrtibus
1040 3860 1210 3976 copiam
1230 3862 1327 3952 inde
1352 3861 1566 3970 efficitur,
1603 3869 1724 3982 quod

159 4011 234 4096 per
263 4002 334 4071 tot
360 3979 498 4069 secula
524 3894 718 4066 nondum
746 3971 944 4064 exhausta
970 3966 1020 4061 srt
1055 3977 1195 4062 omnis
1221 4004 1362 4090 aqua,
1399 3974 1472 4065 sed
1498 3976 1570 4066 diu
1597 4008 1719 4097 repu·
1897 4031 1901 4039 ·

159 4099 354 4209 gnaverit
381 4091 457 4183 soli
478 4089 726 4196 attrahenti,
753 4085 927 4178 tandem
953 4105 1097 4179 tamen
1126 4109 1300 4204 tempus
1321 4087 1414 4180 sore
1441 4092 1720 4208 vaticinatur,

164 4236 249 4324 quo
276 4211 394 4298 tellus
415 4212 549 4320 Syrtis
571 4213 663 4293 erit.
946 4292 954 4305 ,.

212 4321 346 4437 Atqui
366 4346 523 4437 rogare
548 4316 742 4420 vellem,
776 4340 830 4405 an
854 4309 952 4403 solis
978 4308 1173 4426 Syrtium
1198 4313 1317 4444 aquis
1340 4310 1402 4402 sol
1426 4308 1468 4404 se
1488 4320 1654 4431 paverit
1675 4323 1719 4408 δι

161 4432 389 4542 satiaverit,
417 4438 464 4523 δι
483 4428 621 4535 nihil,
662 4432 788 4516 mitto
819 4428 948 4516 maria
971 4423 1082 4530 alia,
1122 4454 1179 4515 ex
1205 4428 1349 4521 vrcino
1377 4450 1514 4541 ponto
1538 4450 1719 4521 attraxe-

162 4544 222 4631 rit
234 4609 251 4674 ,
279 4551 370 4666 quia
401 4546 450 4640 id
475 4538 612 4637 simile
638 4538 829 4657 Syrtium
860 4539 1183 4629 decrementum
1206 4566 1295 4626 non
1318 4535 1476 4647 sensu?
1512 4541 1656 4654 Atqui
1675 4569 1720 4628 o
1767 4572 1779 4581 ⁸

155 4682 270 4757 mu
292 4668 382 4767 aevi
413 4685 580 4759 rerum
604 4654 860 4789 muralium.
878 4640 1215 4872 pessudaiaoffi
1225 4664 1409 4770 vapores
1444 4652 1583 4765 calore
1622 4652 1729 4865 [oiri
