4296 5658
763 290 1593 411 saturasse

401 526 631 633 stlntlum,
656 525 715 639 dr
736 525 878 615 onmis
908 521 1004 640 spes
1029 519 1280 643 posteritatis
1305 526 1352 649 dr
1377 520 1615 619 seculonrm
1646 528 1849 644 praecisa:
1884 538 1950 623 tot
2112 562 2120 621 r

406 649 600 738 virorum
627 637 746 770 luget
771 665 922 727 necem
940 700 953 743 ,
969 641 1055 754 -quj
1086 634 1311 751 potuilsent
1336 636 1466 729 urbes
1494 639 1672 754 implere
1685 641 1746 736 vs
1761 666 1853 758 415.
1883 642 1954 734 sed
2120 722 2121 733 ι

407 756 593 859 deinde,
623 750 696 841 srbr
721 754 875 841 iterum
903 751 1170 859 contrarius,
1204 747 1248 836 su
1279 747 1442 840 ersuille
1467 769 1613 845 tamen
1644 752 1737 847 satis
1768 780 1954 870 magnam
2115 792 2122 850 ι

408 868 607 1068 turbam3
627 863 740 954 unde
758 868 939 980 reparari
965 862 1137 957 soboles
1155 890 1215 979 po
1247 881 1304 970 rt,
1329 861 1474 952 misera
1499 865 1809 959 exclamatione
1828 869 1957 983 queri·
2116 910 2123 965 ι

408 1004 479 1073 tUl'
499 1010 559 1075 V·
637 998 675 1065 2.
763 1062 769 1089 ,
817 1080 822 1085 ι
1212 1008 1216 1015 ’
1252 1058 1255 1063 Α
2119 1024 2123 1079 1

551 1004 746 1182 Prdxima
796 1093 865 1179 uid
905 1091 1043 1195 obolas,
1071 1105 1145 1187 aut
1172 1091 1267 1204 quid
1290 1115 1479 1177 mnam.
1492 1088 1679 1206 nepotes?
2120 1140 2124 1193 ι

235 1245 257 1265 „
412 1204 543 1307 Unde
564 1120 880 1297 vero-illaicbo
897 1205 998 1315 es&
1015 1221 1229 1328 nepotes,
1252 1196 1287 1328 ‘sa
1316 1197 1463 1289 sublati
1483 1199 1566 1291 boc
1613 1199 1749 1293 roelio
1768 1201 1869 1305 ssot,
1888 1200 1964 1317 qui
2120 1254 2125 1311 Ξ

410 1314 637 1438 potuissent
656 1314 752 1403 illos
773 1315 1009 1431 producere
1027 1316 1046 1400 i
1075 1314 1177 1403 vnis
1195 1339 1307 1399 erum
1331 1309 1506 1419 occisis,
1533 1229 1638 1401 ndu
1656 1311 1750 1420 filii,
1778 1314 1877 1404 nulli
1895 1343 1965 1405 ne·
2119 1346 2125 1423 ι

408 1456 534 1551 potes
557 1426 726 1545 pollunt
749 1428 944 1532 adscribi,
970 1422 1044 1525 nist
1058 1446 1161 1529 ante
1186 1423 1396 1538 proelium
1416 1423 1672 1538 genuissent,
1698 1429 1819 1555 quod
1844 1456 1967 1542 repu⁴
2121 1484 2126 1541 3

410 1565 561 1662 gnaret
579 1539 775 1657 querelae
799 1540 956 1644 nostri,
982 1542 1025 1626 δι
1041 1537 1131 1625 aliis
1147 1534 1449 1649 scriptoribus,
1506 1540 1549 1629 ui
1576 1536 1818 1631 exercitum
1841 1539 1965 1628 Pom·
2124 1570 2127 1653 p

411 1661 493 1775 peji
517 1656 748 1745 maximum
771 1675 934 1769 partem
957 1678 1015 1741 ox
1041 1566 1684 1779 adolescentibuscondcri'ptum
1711 1652 1969 1756 adfirmant,
2126 1712 2127 1747 ι

412 1764 719 1970 quulmabsgaesar
743 1788 1003 1869 veteranos,
1030 1766 1072 1881 ss
1096 1760 1217 1855 belus
1247 1760 1423 1861 Gallicis
1452 1765 1708 1857 exercitatos
1735 1770 1781 1857 sc
1804 1763 1968 1857 indura-

407 1903 478 1973 tos
611 1900 689 1968 ret
1719 1946 1722 1954 .

467 1992 694 2111 Postquam
720 2010 889 2105 turpem
926 1984 1117 2101 Pompeii
1151 1982 1294 2099 sugam
1329 1983 1550 2102 splendidis
1581 1988 1809 2081 mendaciis
1833 1974 1976 2084 extu·-

410 2106 561 2216 salset,
600 2110 642 2194 da
657 2101 957 2194 advenmm»m
983 2096 1215 2202 Larissam,
1242 2098 1412 2213 dequo
1437 2102 1481 2188 in
1504 2105 1617 2190 notis
1633 2103 1727 2192 satis
1753 2108 1849 2219 egi,
1878 2133 1972 2195 nar·

410 2220 568 2324 saliet,
606 2246 706 2307 eum
734 2242 846 2309 nave
875 2242 933 2302 ex
956 2210 1169 2302 Thessalia
1196 2208 1430 2325 fugientem
1449 2213 1636 2303 inducit:
1682 2218 1830 2331 inqua
1859 2221 1972 2310 otio·

409 2333 453 2425 se
483 2331 664 2433 sedens,
710 2331 752 2417 δι
782 2324 896 2440 quast
929 2322 1023 2439 post
1044 2344 1139 2421 tam-
1160 2320 1362 2438 lnsrgnem
1385 2324 1587 2430 cladem,
1638 2326 1752 2417 nulla
1792 2358 1895 2419 cura
1923 2338 1972 2423 sc

393 2442 688 2536 ‘sollicitudine
734 2441 998 2553 agitaretur,
1058 2433 1269 2526 redorem
1309 2435 1528 2529 consulens
1574 2439 1628 2528 de
1669 2439 1813 2531 cursus
1857 2441 1970 2532 insti·

411 2556 557 2648 tuendl
576 2557 760 2656 ratione,
777 2574 863 2641 tarn
880 2552 1023 2663 inepte
1040 2550 1207 2663 ignarus
1222 2549 1281 2638 rei
1296 2552 1456 2649 navalis
1473 2550 1723 2662 exhibetur,
1737 2552 1849 2667 quast
1869 2553 1977 2671 poll:

409 2694 479 2764 tot
507 2667 680 2777 navales
707 2663 1054 2779 expeditiones&
1081 2661 1279 2754 vidorias
1304 2662 1358 2751 de
1379 2662 1545 2769 Pirans,
1573 2693 1648 2778 per
1668 2692 1819 2755 ornnes
1836 2669 1971 2757 maris

410 2783 706 2879 mediterranei
722 2799 888 2893 parter,
900 2803 1197 2889 annonamque
1210 2776 1711 2890 exomnibusprovinciis
1725 2781 1971 2869 transmari·

409 2902 477 2988 nis
499 2893 766 3011 congestam,
793 2917 907 2978 nunc-
932 2918 958 2978 a
979 2910 1107 2977 nauta
1132 2887 1268 2979 subito
1290 2893 1331 2977 δι
1355 2886 1468 2978 forte
1488 2911 1691 3004 reperto,
1718 2889 1874 2982 discere
1895 2891 1973 2982 de·

410 3012 553 3113 buerit
568 3002 793 3119 navigandi
814 3007 858 3090 bt
883 3001 1049 3091 cursum
1075 3000 1280 3114 dirigendi
1305 3024 1465 3102 artem,
1494 3030 1622 3115 quam
1647 3002 1858 3108 Ducem,
1895 3007 1985 3120 qu‘t

414 3123 634 3225 tetmaris
657 3144 732 3232 per
786 3114 905 3203 raiset
921 3115 1163 3228 ,ignorare
1180 3133 1252 3200 tur
1281 3112 1462 3203 evideri
1482 3112 1699 3207 debuisset.
1754 3115 1844 3207 Sed
1862 3116 1986 3209 haee'

417 3234 584 3325 occasio
605 3252 756 3360 captari
836 3248 947 3332 etat,
976 3247 1025 3313 ut
1039 3224 1116 3355 se,
1134 3223 1224 3353 ipso
1239 3141 1452 3429 domssejo
1464 3228 1523 3315 rei
1545 3229 1736 3319 nauticae
1761 3231 1804 3317 br
1819 3230 1985 3358 guber·

418 3346 546 3447 nandi
569 3370 690 3436 naurs
705 3344 979 3456 peritiorem,
1006 3336 1109 3425 nihil
1132 3362 1324 3450 ignorare
1385 3347 1477 3447 ujus
1498 3368 1668 3452 quoque
1688 3339 1887 3433 scientiae
1906 3372 1990 3434 na-

418 3460 527 3555 valis
559 3453 808 3547 ostenderet.
866 3450 928 3541 Et
953 3452 1050 3541 hinc
1080 3446 1193 3537 sorte
1224 3476 1392 3539 memor
1416 3451 1525 3539 illius
1556 3451 1690 3557 ddi,
1729 3461 1895 3544 Navita
1932 3461 1987 3546 de

421 3582 550 3667 ventis
576 3575 656 3659 &c
685 3565 1016 3682 gubernatorem
1043 3560 1167 3651 nobis
1195 3559 1265 3648 insi
1296 3565 1405 3652 niter
1437 3565 1679 3680 garrulum,
1722 3571 1763 3655 δι
1790 3564 1989 3685 Pompe·

419 3696 511 3797 jum
535 3686 577 3775 in
602 3682 680 3770 hac
712 3706 855 3766 rerum
881 3675 1199 3793 perturbatione
1225 3593 1469 3791 diiigentem
1491 3678 1730 3769 auditorem
1761 3679 1948 3776 exbibet
1967 3744 1993 3790 ,

423 3803 467 3889 br
483 3796 673 3885 omnium
698 3790 926 3891 astrorum,
964 3788 1017 3878 ad
1041 3818 1149 3901 quae
1171 3785 1305 3879 solent
1332 3790 1498 3879 cursum
1519 3790 1734 3905 dirigere,
1768 3813 1950 3885 motum
1971 3859 1996 3904 ‚
2119 3850 2132 3863 -

424 3916 468 4013 δι
518 3936 596 3997 uae
624 3927 843 4023 praeterea
867 3900 1093 3995 observare
1119 3903 1162 3987 in
1181 3901 1306 3990 coelo
1331 3906 1374 3991 dr
1400 3906 1504 3990 mari
1524 3904 1664 3993 solent
1685 3927 1876 4013 nautae,
1942 3938 1995 3997 e·

423 3936 609 4233 ἱίιίἶξιῐηῖ
630 4015 902 4110 disserentem
929 4012 1102 4103 inducit.
1157 4011 1201 4105 O
1226 4014 1416 4130 lepidum
1440 4038 1593 4134 caput,
1619 4014 1891 4116 ficerebrum
1905 3938 1993 4113 ba-

456 4164 498 4222 ur
528 4153 602 4221 et..
1928 4204 1933 4211 .

480 4243 558 4345 Vs.
582 4261 680 4357 743.
714 4241 872 4331 Narrat
898 4237 1130 4343 Cordum,
1168 4254 1327 4328 trunco
1345 4239 1540 4355 Pompeii
1560 4237 1683 4330 occist
1704 4241 1746 4329 in
1776 4242 1884 4333 mari
1900 4245 1993 4336 flu·

430 4356 627 4460 (inante,
657 4360 699 4442 δι
720 4357 764 4440 in
790 4378 945 4443 terram
963 4349 1173 4454 attrado,
1211 4352 1435 4443 sollicitum
1457 4354 1689 4445 admodum
1708 4352 1823 4447 fuisse
1840 4355 1895 4447 de
1914 4365 1997 4465 iu-

428 4473 499 4577 stis
521 4493 612 4561 tam
630 4468 876 4581 magniviri
896 4465 1089 4569 manibus
1115 4463 1338 4557 solvendis.
1396 4465 1562 4569 Vidisse
1583 4496 1682 4571 eum
1704 4468 1864 4598 procul
1886 4497 1994 4584 par·

428 4611 513 4685 uos
535 4586 653 4702 ignes
684 4578 769 4689 uile
794 4576 876 4670 suis
901 4606 1056 4701 corpus
1074 4602 1337 4689 cremantess
1362 4576 1462 4682 hinc
1486 4610 1585 4685 cum
1599 4578 2000 4698 rapuissescmiusta

430 4772 435 4777 .
510 4768 513 4775 .
1915 4720 2010 4793 1⁸0¹&
