4296 5658
747 330 1571 461 pransoria

337 690 341 696 ι
381 580 553 697 reliquis
566 576 781 668 membris
801 572 994 665 constare
1018 576 1241 691 vigorem,
1268 588 1420 667 caecus
1444 586 1611 679 tamen,
1638 573 1802 667 asociis
1818 576 1952 670 resio'·

384 712 568 811 corpore
596 686 884 806 compositus,
924 715 1015 778 non
1043 689 1168 779 cessat
1194 689 1278 781 tela
1303 689 1346 777 in
1374 687 1515 781 hostes
1545 692 1741 797 mittere,
1783 695 1826 782 &
1850 716 1942 783 tani
2030 754 2033 760 ·

383 828 502 900 certa
521 803 699 899 vulnera
729 799 817 890 inlli
846 830 951 911 ere,
990 822 1040 893 ut
1065 804 1233 893 Arriuis
1262 802 1308 888 iii
1330 804 1419 890 imo
1442 823 1597 894 ventre
1620 802 1690 917 pla
1717 833 1743 892 a
1769 825 1940 921 accepta

386 917 720 1041 procumberet;
759 831 845 1005 sets
856 945 991 1032 quum
1015 943 1104 1005 non
1124 914 1207 1005 alte
1228 914 1323 1005 satis
1346 914 1503 1005 vulnus
1520 914 1671 1005 descen
1702 914 1819 1023 isset,
1846 945 1946 1005 con*

388 1035 535 1126 cidens
560 1030 631 1120 ille
664 1029 837 1139 adjuvat
863 1029 1033 1137 telum,
1081 1032 1138 1117 ita
1161 1049 1210 1117 ut
1237 1025 1488 1144 profundius
1522 1032 1566 1117 &
1593 1027 1687 1144 ipsis
1714 1029 1950 1123 visceribus

387 1152 723 1261 immergeretur.
780 1141 853 1232 An
886 1170 975 1229 non
1003 1140 1225 1232 absurdum
1256 1141 1324 1229 hic
1350 1140 1612 1246 Arruntem,
1652 1140 1739 1231 levi
1766 1143 1949 1232 vulnere

389 1281 600 1375 acceptu,
627 1255 763 1345 statim
782 1254 1004 1344 concidisse
1029 1253 1211 1370 lingere,
1240 1253 1366 1341 alium
1385 1281 1519 1357 vero,
1537 1254 1592 1342 de
1608 1281 1696 1369 quo
1720 1252 1844 1370 supra
1869 1257 1953 1369 egi·

390 1400 522 1476 mus,
550 1368 718 1463 duabus
739 1368 933 1461 manibus
950 1366 1101 1457 amissis
1115 1367 1229 1457 vires
1248 1388 1385 1457 tantas
1406 1366 1639 1473 retinuisse,
1663 1369 1769 1458 utin
1790 1393 1953 1461 navem

390 1483 585 1578 hostilem
601 1483 789 1598 potuerit
804 1479 1003 1570 transilire
1024 1485 1043 1571 i
1896 1500 1902 1523 ‘

451 1595 570 1688 Libr.
597 1623 663 1688 iv.
688 1592 748 1687 vs.
769 1619 832 1708 50.
861 1622 938 1710 per
972 1611 1145 1683 centurn
1167 1595 1209 1683 &
1230 1592 1284 1680 tri
1316 1591 1401 1683 'rita
1422 1589 1513 1683 sere
1536 1591 1681 1685 versus
1699 1594 1874 1710 ingenio
1897 1597 1958 1685 in·

394 1710 519 1801 freno
545 1710 736 1809 immittit
757 1706 971 1808 habenae,
999 1717 1040 1791 δι
1066 1708 1257 1820 ingentes
1276 1708 1284 1723 '
1304 1705 1361 1794 las
1384 1734 1542 1820 aquas,
1571 1705 1824 1820 quibuscum
1849 1708 1959 1801 Cae

394 1824 457 1914 sar
476 1826 519 1911 in
537 1821 735 1937 Hispania
757 1818 1020 1910 consissiatus
1039 1818 1148 1925 sitit,
1176 1820 1235 1908 ita
1250 1816 1466 1924 describit,
1492 1818 1593 1907 aefi
1641 1848 1743 1913 rave
1764 1820 1958 1936 Pyrrhae

395 1926 584 2027 seculum
602 1932 809 2039 rediisset,
843 1938 885 2024 &
904 1931 1242 2021 Deucalionenm
1268 1934 1345 2021 vix
1371 1932 1469 2020 huic
1487 1930 1589 2021 esset
1639 1932 1816 2026 'luvium
1839 1964 1959 2025 coni·

395 2048 663 2167 parandum,
703 2073 828 2163 rupes
857 2050 898 2134 δι
922 2043 1044 2135 silvas
1067 2042 1280 2159 absorptae
1297 2107 1310 2150 ,
1325 2047 1380 2145 ,δι
1406 2044 1673 2137 decrescente
1693 2048 1960 2161 aquacolles

396 2160 624 2265 emersisse,
681 2158 776 2248 lane
794 2157 941 2249 Ovidii
962 2157 1180 2247 luxurians
1201 2159 1243 2243 in
1274 2160 1418 2249 eninm
1437 2157 1626 2263 secutus,
1640 2181 1779 2249 narrat
1786 2194 1802 2262 ;
1830 2164 1890 2253 ita
1909 2181 1960 2253 ut

398 2275 529 2368 castra
558 2190 746 2366 Caeliiris
770 2299 859 2358 non
885 2269 1018 2360 modo
1036 2292 1210 2374 natare,
1236 2187 1308 2357 lged
1334 2269 1543 2359 submersa
1570 2298 1670 2359 cum
1698 2274 1962 2365 omni-exer·

398 2392 489 2481 citu
510 2385 683 2477 credere
704 2382 964 2475 debeamus:
992 2412 1100 2496 quae
1120 2381 1253 2499 posita
1270 2384 1378 2470 inter
1390 2381 1573 2473 Sicorim
1588 2389 1629 2473 δι
1648 2384 1732 2477 Cin
1762 2411 1854 2491 am,
1882 2386 1963 2479 ubi

401 2501 507 2593 nulli
535 2498 733 2613 leguntur
751 2517 926 2585 montes
949 2492 1101 2599 fuisse,
1131 2496 1174 2581 in
1205 2523 1316 2609 quos
1342 2494 1384 2583 se
1412 2498 1649 2608 reciperent
1672 2499 1727 2585 m'
1747 2501 1855 2606 iteS,
1882 2497 1963 2590 sed

400 2618 445 2705 in
468 2638 611 2729 aequo
634 2638 787 2726 campo
803 2611 912 2698 inter
930 2607 1023 2707 duo
1035 2608 1210 2701 flumina
1226 2608 1433 2698 collocata
1446 2605 1565 2697 fuisse
1585 2609 1683 2698 inde
1704 2631 1842 2742 patet,
1858 2615 1965 2727 quia

400 2755 537 2843 aquae
562 2747 728 2813 tantum
754 2724 863 2838 ripas
894 2720 1201 2837 supergressae,
1238 2725 1281 2810 di
1305 2742 1459 2836 pontes
1487 2720 1585 2810 inde
1610 2744 1722 2837 rupti
1753 2721 1869 2813 fuisse
1900 2726 1962 2815 di·

402 2866 581 2941 cantur3
623 2864 704 2925 nec
726 2834 862 2924 ullum
885 2833 1071 2927 verbum
1104 2835 1159 2924 de
1190 2833 1414 2943 submersis
1443 2832 1581 2923 castris
1612 2833 1766 2927 Caesar
1788 2835 1873 2952 ipse
1901 2835 1964 2929 sa·

405 2955 517 3057 ciat,
550 2948 625 3040 sed
645 2978 825 3039 ornnem
839 2946 1130 3038 difficultatem
1153 2945 1225 3064 ipsi
1255 2946 1465 3056 objesiam
1491 2976 1548 3036 ex
1573 2949 1777 3063 pontibus
1799 2952 1967 3065 ruptis,

404 3068 464 3159 ita
495 3085 544 3154 ut
572 3066 759 3173 trajicere
792 3064 1028 3150 exercitum
1058 3088 1147 3149 non
1174 3060 1338 3175 posset,
1389 3060 1444 3150 ad
1481 3087 1600 3175 quos
1616 3060 1751 3151 statim
1774 3061 1969 3153 reficien-

406 3179 519 3283 dos,
556 3179 694 3293 primo
725 3202 860 3263 naves
891 3171 1017 3278 fieri,
1071 3202 1226 3287 easque
1263 3176 1388 3261 carris
1425 3172 1478 3261 ad
1510 3175 1632 3288 ripas
1653 3173 1810 3266 devehi
1849 3176 1973 3285 iuffit

407 3290 552 3400 (unde
581 3317 672 3378 non
701 3290 877 3376 omnino
906 3285 1155 3376 inundatum
1178 3283 1294 3376 suisse
1319 3313 1518 3401 campum
1539 3286 1783 3403 colligitur)¹
1805 3287 1975 3382 deinde
2015 3353 2021 3361 ·

408 3401 572 3509 refusio
610 3424 744 3519 ponte
784 3398 938 3493 advehi
968 3402 1133 3490 curavit
1162 3400 1210 3487 in·
1242 3396 1371 3488 castra
1402 3420 1702 3489 commeatus-.-
1737 3399 1977 3495 Praeterea·

411 3538 573 3608 tantam
597 3528 637 3600 &
673 3536 763 3603 tarn
790 3511 1019 3605 terribilem
1047 3512 1233 3603 hiemem
1257 3510 1391 3603 nobis
1412 3510 1568 3617 offert,
1627 3512 1766 3602 nalem
1783 3516 1859 3608 vix
1891 3516 1975 3610 sub

411 3661 495 3721 axe
516 3628 676 3719 boreali
704 3623 861 3714 sensisse
888 3625 1048 3715 incolas
1074 3624 1272 3717 credibile
1318 3622 1383 3713 est
1394 3656 1411 3728 ,·
1441 3654 1524 3739 qua
1543 3541 1874 3736 insercuitatetn
1898 3659 1983 3726 ve·

413 3745 471 3835 ris
521 3737 853 3830 amoenissimam
886 3736 1059 3829 redusia
1092 3802 1105 3845 ‚
1170 3742 1213 3827 se
1260 3737 1394 3828 siibita
1441 3766 1583 3827 rerum
1628 3743 1864 3833 mutatione
1917 3742 1987 3835 fa*

415 3854 511 3959 tta,
548 3877 637 3943 tam
661 3850 971 3945 intolerabilem
998 3851 1156 3942 aestum
1184 3858 1225 3939 &
1250 3850 1436 3940 calorem
1463 3850 1685 3941 successisse
1696 3915 1711 3959 ,
1746 3855 1859 3968 quali
1889 3885 1989 3949 nec

415 3966 607 4071 Arabia,
644 3993 726 4056 nec
751 3962 927 4070 Africa,
962 3992 1043 4054 nec
1075 3962 1194 4054 india-
1214 3992 1417 4078 umquam
1443 3962 1630 4054 exarsit:
1701 3993 1758 4054 uo
1793 3966 1988 4063 fervore

416 4080 587 4173 nivibus
620 4108 678 4167 ex
707 4076 938 4192 Pyrenaeis
974 4077 1191 4170 montibus
1223 4077 1402 4181 solutis,
1444 4080 1486 4166 δι
1514 4079 1632 4191 aquis
1661 3993 1820 4170 sicoris
1835 4081 1988 4199 super-

416 4190 670 4298 fluentibus,
689 4193 834 4280 omnia
851 4193 1012 4279 circum
1038 4189 1156 4297 loca,
1187 4194 1419 4280 montes&
1444 4189 1575 4283 colles
1598 4194 1657 4281 ita
1672 4191 1813 4285 testor
1829 4192 1951 4287 fuisse
1962 4259 1982 4305 ,

416 4307 468 4395 iit
489 4303 586 4393 inde
606 4301 741 4392 sames
760 4323 849 4393 tam
871 4302 1017 4393 dira&
1038 4302 1230 4397 violenta
1259 4324 1354 4393 orta
1376 4300 1524 4409 suerit,
1553 4325 1603 4394 ut
1630 4312 1841 4396 exereitus
1865 4307 1989 4399 Cae·

417 4419 515 4511 saris
545 4414 635 4507 fere
651 4415 792 4506 inedia
815 4437 1066 4506 moreretur.
1122 4415 1253 4505 Hunc
1278 4415 1491 4525 furibundi
1518 4418 1671 4533 ingenii
1695 4419 1876 4522 aelium,
1903 4423 1993 4536 qur,

418 4526 613 4621 conferre
634 4528 742 4620 velit
768 4558 868 4617 cum
901 4556 1007 4620 vera
1025 4525 1213 4621 Caesaris
1234 4532 1472 4617 narratione
1492 4529 1562 4620 lib.
1589 4561 1623 4620 ι,
1650 4531 1697 4618 Β.
1716 4532 1768 4623 C.
1797 4556 1887 4648 cap.
1906 4554 1990 4648 ar.

404 4647 461 4740 ’ἃ
487 4644 602 4763 seqq.
626 4639 798 4743 videbit
815 4645 994 4760 ineptias
1030 4640 1206 4735 Lucmi.
1260 4640 1377 4735 Nihil
1406 4641 1549 4738 ibide
1563 4643 1686 4740 saeva
1711 4645 1781 4741 illa
1802 4645 2001 4860 hiem
