4296 5658
641 261 1576 417 ¹rraurnrrtt

267 626 269 632 Α
392 538 619 629 momento
645 525 809 647 duplex
834 528 995 629 vulnus
1017 529 1062 633 in
1089 527 1268 647 pedore
1297 533 1340 625 dr
1369 546 1533 649 tergo:
1571 528 1690 648 quod
1719 526 1837 629 forte
1862 527 1966 629 lieri

425 645 573 741 otuiile
602 646 697 760 quis
727 641 903 748 credet3
936 642 1011 741 sed
1032 640 1127 739 duo
1156 648 1214 739 ita
1238 643 1394 762 ingesta
1419 646 1504 736 tela
1533 644 1680 737 noster·
1697 644 1816 763 fingit
1851 648 1957 743 duo

393 677 478 857 dus
506 758 579 852 sibi
600 757 958 855 redecontrariia
979 757 1116 863 locis,
1139 779 1194 859 ut
1219 760 1262 849 in
1286 758 1518 853 visceribus
1542 780 1876 870 concurrerent,
1914 765 1964 857 dt

394 874 558 990 sanguis
578 870 649 972 diu
673 874 857 962 incertus
874 870 1054 978 steterit,
1080 871 1360 965 &cuneatus
1379 869 1615 989 fucrit,per
1631 872 1749 988 quod
1766 872 1963 969 fotarnerr

395 990 569 1092 exiret,
607 983 748 1085 donec
769 982 942 1081 tandem
967 1013 1026 1103 ex
1049 1004 1228 1098 utraque
1244 985 1313 1101 pla
1381 1005 1503 1077 tanto
1520 988 1683 1103 impetu
1699 1007 1964 1102 erumperet,

390 1123 448 1193 ut
464 1102 648 1197 aninum
663 1096 794 1205 ‚timul
816 1102 858 1187 dr
884 1097 968 1195 tela
996 1096 1233 1214 exspueret.
1352 1100 1396 1187 ὀ
1423 1097 1553 1189 limile
1577 1098 1726 1215 quida
1755 1098 1864 1192 Silio
1886 1100 1965 1196 lib..

400 1244 470 1310 av.
499 1216 592 1328 569.
619 1208 744 1307 nobis
762 1214 949 1317 narrari,
976 1232 1025 1301 ut
1043 1214 1085 1301 tr
1105 1204 1174 1302 Cl.
1196 1209 1571 1303 Drakenborchius
1599 1214 1768 1306 notavit
1785 1248 1797 1303 :w
1823 1213 1900 1307 sed
1913 1214 1963 1307 li
2121 1242 2125 1249 ·

251 1390 254 1397 -
398 1349 471 1423 cet
497 1326 568 1419 illc
590 1326 745 1415 minori
776 1324 1013 1418 verborum
1035 1352 1198 1440 pompa
1219 1325 1304 1414 hoc
1332 1324 1614 1435 miraculum,
1648 1324 1846 1418 lottecar
1873 1324 1965 1421 Lu*

399 1442 492 1533 cani
517 1440 790 1545 imitatione,
820 1436 1004 1554 prodat,
1039 1463 1129 1529 non
1156 1454 1302 1529 tamen
1329 1446 1418 1547 ejus
1443 1436 1738 1529 autiontatem
1761 1438 1843 1531 elle
1870 1460 1968 1532 tan-

401 1573 491 1645 tam
526 1572 708 1667 putem,
752 1570 802 1642 ut
834 1548 950 1643 reste
982 1547 1128 1641 noum
1154 1549 1236 1643 elle
1259 1549 1445 1643 credam.
1497 1551 1611 1643 Non
1630 1552 1868 1645 credibilius
1888 1554 1971 1644 nri

399 1667 591 1759 taculum
622 1662 730 1772 fati,
775 1692 868 1780 quo
897 1662 1101 1779 Gyareus
1126 1665 1282 1778 periit,
1332 1663 1532 1768 videtur,
1569 1664 1776 1780 quidum
1807 1668 1890 1757 irre
1921 1697 1967 1759 e

397 1808 447 1875 re
476 1782 520 1869 in
544 1777 721 1873 alteram
739 1779 859 1892 cupit
883 1779 1062 1977 puppilm
1093 1779 1112 1885 (
1124 1805 1279 1979 ergop
1408 1776 1577 1888 januae
1597 1779 1642 1866 in
1661 1799 1868 1870 concreto

398 1892 678 1989 cadaveribus
693 1893 798 1985 mari
822 1916 957 1985 naves
1027 1896 1180 2000 erunt)
1207 1892 1296 2021 ipo
1316 1894 1333 1978 i
1361 1891 1789 1984 omomentoteium
1812 1891 1968 1986 hostile

225 2047 230 2053 ·
332 2006 338 2013 ⁸
399 2036 502 2105 eum
531 2003 843 2121 deprehendit,
885 2000 1098 2095 &adfixit
1120 2001 1239 2094 lateri
1259 2004 1354 2096 suae
1380 2007 1541 2111 navia,
1579 2004 1694 2098 unde
1723 2036 1780 2129 pe
1809 2005 1927 2097 endit
1941 2064 1968 2116 ,

315 2216 316 2219 Ν
402 2122 494 2225 telo
506 2118 626 2209 illum
652 2118 889 2206 retinente:
917 2113 989 2204 sed
1013 2118 1055 2204 δι
1080 2115 1166 2207 hoc
1186 2117 1245 2207 ita
1264 2116 1427 2227 iunilas
1446 2144 1580 2209 naves
1607 2117 1780 2210 fuilleo
1840 2119 1932 2210 ndit
1944 2178 1968 2227 ,

400 2257 452 2327 ut
478 2233 595 2325 clam
615 2233 799 2344 irrepere
821 2229 1009 2345 potuerit
1033 2259 1093 2321 ex
1117 2228 1188 2321 ina
1213 2232 1258 2316 in
1288 2229 1444 2325 sociam
1472 2229 1691 2344 Gyareus,
1739 2231 1811 2322 De
1833 2233 1968 2348 gerni-

402 2352 471 2443 nis.
492 2343 646 2461 deiude
677 2340 874 2435 fratribus
898 2338 1129 2435 mamitosa
1158 2362 1274 2435 certe
1297 2362 1471 2433 narrat:
1502 2370 1688 2458 quorum
1716 2345 1824 2450 uni,
1859 2344 1967 2438 navi

401 2458 575 2561 hostili,
602 2457 866 2573 propinquae
889 2482 1020 2571 ergo,
1057 2481 1231 2547 manum
1251 2457 1425 2565 inicere·
1447 2459 1649 2563 conanti,
1671 2454 1741 2548 illa
1772 2475 1967 2574 amputa

392 2596 502 2679 tur,
531 2598 641 2686 quae
665 2599 690 2659 a
710 2596 894 2684 corpore
913 2567 1092 2677 divulsa,
1122 2588 1171 2661 ut
1194 2570 1236 2657 in
1254 2590 1376 2687 capta
1392 2596 1528 2677 nave,
1556 2568 1763 2674 adhaesrtr
1793 2571 1970 2663 &dein

402 2687 459 2779 de
494 2684 618 2781 laeva
649 2709 779 2777 manu
810 2681 997 2773 amilium
1018 2680 1194 2791 alteram
1219 2711 1367 2799 rapere
1398 2684 1613 2789 tentanti,
1649 2684 1816 2800 haecq
1905 2701 1969 2777 ue

403 2797 692 2901 abscinditur,
724 2800 768 2889 dr
797 2795 972 2891 tandem
1002 2815 1157 2887 uunco
1182 2794 1318 2887 solum
1333 2795 1539 2903 restante,
1563 2795 1738 2890 fratrem
1753 2797 1854 2888 loco
1916 2823 1965 2913 y·

403 2914 475 3034 pei
499 2911 721 3029 protegit,
744 2908 884 3003 donec
904 2906 1110 3024 periodus
1141 2909 1286 3000 multis
1320 2909 1416 3001 telis
1446 2914 1646 3020 (tantum
1667 2911 1787 3001 eninr
1804 2912 1967 3006 vitium

265 3048 271 3053 ’
355 3134 359 3139 Δ
404 3031 536 3122 etiam
555 3023 805 3140 supererat)
827 3027 871 3113 in
892 3021 1088 3111 hostilem
1102 3048 1266 3115 navem.
1286 3022 1522 3114 tranfilirtt.
1572 3023 1673 3114 Hoc
1695 3043 1810 3115 certe
1836 3024 1971 3142 ipsum

402 3136 639 3258 >Cynaegiri
660 3132 858 3241 fadum,
889 3134 1140 3225 immensum
1166 3137 1211 3223 in
1242 3137 1421 3227 modum
1445 3136 1499 3229 ab
1526 3134 1755 3252 aliquibus,
1782 3135 1970 3229 sednon

402 3254 459 3351 ab
480 3248 741 3355 Herodoto,
769 3251 845 3365 qui
859 3275 945 3341 una
973 3276 1102 3341 manu
1125 3247 1675 3357 abscillacecidillenarrat,
1699 3247 1969 3358 auditumst·

376 3372 382 3379 ’
403 3386 539 3486 perat
594 3361 714 3454 Tam
736 3391 868 3474 grave
888 3362 1018 3453 etiam
1044 3359 1219 3478 pondus·
1230 3360 1347 3454 fuille
1362 3364 1468 3455 huic·
1477 3385 1640 3455 trunco
1649 3365 1732 3472 ait,
1759 3382 1809 3455 ut
1835 3365 1971 3472 navi,

403 3491 490 3594 iam
508 3475 746 3571 cumulatae
763 3475 896 3594 strage
920 3476 1115 3570 virorum
1137 3537 1152 3583 ‚
1181 3479 1223 3566 dr
1250 3475 1399 3571 idibus
1423 3479 1483 3568 ita
1499 3476 1770 3594 perforatae,
1793 3499 1843 3569 ut
1858 3505 1970 3569 mer·

438 3616 612 3697 eretur,
651 3591 780 3681 ctiam
806 3592 1018 3679 nocuerit.
1069 3586 1285 3705 Lycidas,
1327 3619 1509 3683 amanu
1527 3591 1664 3682 ferrea
1687 3592 1969 3709 comprehen-

406 3624 508 3811 das,
542 3700 699 3798 trattus
719 3698 859 3793 firisset
872 3705 916 3793 in
936 3731 1082 3808 mare,
1109 3704 1154 3791 ni
1169 3732 1363 3820 propere
1381 3703 1481 3795 focii
1501 3704 1692 3797 cruribus
1713 3703 1972 3820 adprensum

406 3822 591 3911 retinere
612 3815 873 3922 temassent,
905 3815 1048 3906 donec
1068 3813 1206 3907 ferrea
1231 3844 1360 3909 macru
1375 3817 1639 3934 superiorem
1657 3820 1854 3933 corporis·
1875 3830 1976 3936 par·-

408 3956 501 4025 tem
517 3929 1100 4060 trahente,&sociiseripere
1114 3960 1219 4019 eum
1232 3930 1696 4047 pedibuseonantibus,
1711 3959 1868 4049 corpus
1882 3962 1970 4025 mo

408 4047 562 4152 dium,
588 4047 635 4132 in
664 4043 772 4138 duas
793 4063 938 4160 partes
968 4040 1277 4149 divelleretura
1308 4074 1490 4161 quarum
1513 4045 1687 4136 inferior
1716 4073 1881 4138 vacuos
1908 4074 1978 4140 ar*

408 4178 480 4252 tus
504 4157 633 4250 tradit
656 4157 777 4263 leto,
804 4155 1001 4262 flamma,
1026 4158 1177 4271 inqua
1199 4156 1342 4250 vitalia
1362 4180 1513 4265 erant,
1541 4159 1616 4251 diu
1629 4156 1837 4276 palpitans
1857 4163 1977 4251 mori:

405 4295 553 4366 >torum
578 4299 733 4386 corpus
761 4268 1038 4385 prohibebat,
1066 4269 1207 4361 donec
1223 4271 1402 4389 longum
1419 4271 1575 4363 ludata
1593 4301 1714 4363 mors
1727 4305 1826 4364 cum
1842 4273 1980 4368 visce-

409 4388 526 4481 ribus
542 4446 564 4491 ,
602 4383 776 4474 tandein
803 4386 949 4475 omnia
966 4382 1164 4476 membra
1182 4383 1288 4477 tulit.
1319 4384 1460 4503 qualia
1487 4384 1629 4477 fifieri
1646 4385 1846 4503 possent,
1879 4412 1980 4476 nom

408 4522 527 4594 certe
553 4527 582 4589 o
613 4491 835 4604 us'foret,
871 4518 920 4587 ut
941 4496 1110 4590 duobus
1129 4500 1339 4604 curribus,
1362 4499 1500 4592 velut
1517 4500 1584 4605 alii
1631 4498 1843 4616 uadrigis,
1862 4497 1975 4592 Met·

404 4528 690 4717 auridum
707 4615 750 4705 dr
767 4611 1190 4747 aliidistraherentur,
1212 4611 1507 4713 sedmilitibus
1517 4530 1984 4724 modulantium
