4220 5650
399 310 457 432 ιι
632 286 1637 441 Ιιιιιιιιιιιιιιιοιιιι
1758 274 1768 289 ”
1894 254 1898 268 ’

412 529 477 631 25
517 492 611 605 Sed
637 525 787 638 quum
816 492 1032 600 membra
1059 499 1238 636 premit
1262 496 1481 639 fugiente
1508 505 1715 642 rigentia
1738 509 1878 640 vita,

513 637 793 776 Vultusque
817 639 1090 764 exanimes,
1126 641 1390 781 oculosque
1418 645 1468 745 in
1496 671 1656 750 morte
1681 648 1919 781 jacentem

512 774 629 886 Nec
659 776 863 882 domest
889 776 970 881 ille
995 777 1166 901 dolor,
1182 780 1367 915 sedjam
1382 815 1538 890 metus
1556 826 1567 887 ε
1583 789 1780 895 incubat
1794 829 1977 924 amens,

512 921 815 1058 Miraturque
837 916 1028 1022 malum.
1066 921 1243 1025 Cultus
1266 953 1485 1027 matrona
1510 929 1696 1064 priores

470 1053 474 1063 ’
516 1056 791 1199 Deposuit:
827 1057 1120 1197 maestaeque
1148 1078 1317 1166 tenent
1349 1062 1546 1168 delubra
1575 1098 1810 1179 catervae.

412 1226 478 1336 '30
516 1200 626 1304 Hae
650 1199 860 1303 lacrimis
887 1199 1090 1338 sparsere
1111 1203 1280 1326 Deos,
1318 1202 1408 1307 hae
1426 1209 1619 1342 pesiora
1647 1208 1774 1316 duro

517 1335 759 1446 Adfixere
787 1338 918 1469 solo:
955 1340 1226 1479 lacerasque
1255 1344 1305 1444 in
1324 1345 1491 1449 limine
1518 1344 1662 1451 sacro

518 1482 780 1586 Attonitae
806 1475 976 1582 fudere
1002 1516 1192 1585 comas:
1229 1485 1456 1623 votisque
1484 1491 1649 1592 vocari
1770 1509 1774 1518 ’

516 1619 762 1726 Adsuetas
790 1616 970 1725 crebris
995 1616 1177 1727 feriunt
1204 1622 1463 1731 ululatibus
1490 1662 1639 1734 aures.

1861 1777 1980 1891 Nec

416 1900 574 1971 &Hamb
597 1899 660 1967 sec.
678 1899 728 1967 sed
749 1919 766 1968 a
787 1919 832 1973 m.
853 1898 916 1964 sec.
933 1899 1047 1964 emovit
1063 1918 1173 1968 omnes
1216 1923 1323 1972 rorum
1345 1909 1457 1974 timore
1479 1910 1743 1996 defungerentur;
1763 1914 1823 1981 iliis
1842 1918 1980 1987 timenti·

283 2028 285 2033 ,
417 1989 491 2058 sm·
1217 1989 1409 2073 hossanna,
1456 2014 1569 2058 uorum
1588 2012 1687 2060 tamen
1706 1999 1804 2063 exitus
1824 2000 1981 2085 incertum

456 2085 509 2147 25,
531 2067 589 2132 Sed
600 2068 706 2152 qaum]
727 2063 802 2146 Jom
816 2085 882 2128 cem
897 2060 1104 2128 trebetam
1114 2065 1175 2130 sec.
1218 2067 1274 2148 se,
1304 2092 1339 2136 er
1367 2013 1511 2155 praesenti
1531 2077 1561 2140 dt
1585 2097 1746 2161 praeacuto
1773 2082 1846 2147 mali
1863 2085 1981 2162 seusn',

457 2154 508 2215 26.
543 2151 702 2233 oculosque
729 2149 762 2208 in
781 2164 872 2210 morte
891 2148 1038 2225 mirarer]
1067 2146 1106 2212 Et
1129 2150 1177 2213 bic
1218 2151 1430 2221 suissedolore
1451 2157 1639 2223 consesium,
1667 2158 1852 2228 Waddeiiut
1870 2168 1983 2235 duim.

416 2229 658 2313 ordenamus
687 2245 840 2309 fecerum
872 2225 1037 2313 lesionem
1061 2231 1178 2311 optime
1220 2233 1329 2320 Citis·
1346 2258 1374 2317 ι·
1393 2259 1479 2322 ur·
1499 2263 1551 2303 ’ἰ
1567 2258 1632 2304 ‘¹⁰²¹
1654 2245 1693 2323 ‘st
1709 2244 1981 2334 “¹‘s0‘0'28‘m³·

418 2316 574 2389 tiretur3in
584 2307 967 2393 quaconlilierepotuilset.
978 2308 1177 2377 Marclland.
1219 2331 1281 2393 rus,
1302 2321 1423 2420 [odjum
1438 2323 1497 2389 dte.
1512 2335 1631 2388 tautum
1645 2326 1720 2390 mibi
1735 2345 1799 2392 non
1819 2331 1923 2395 sumo.

416 2395 454 2457 nd
478 2395 560 2465 Stat,
580 2412 647 2458 ιιι.
669 2390 745 2457 silv.
766 2409 855 2471 nqq.
881 2391 1015 2455 raderer
1038 2398 1178 2459 malebat.
1262 2398 1313 2465 28.
1335 2402 1443 2466 ίιιὶιιιι
1457 2419 1590 2468 matrona
1602 2409 1713 2490 priores
1728 2409 1867 2494 deposuit]
1880 2415 1983 2482 Heiu-

412 2475 568 2557 Cortius,
598 2489 733 2538 enarres
758 2472 850 2538 etiam
871 2473 900 2536 iu
927 2489 1109 2539 contextum
1132 2495 1179 2540 re·
1222 2481 1280 2545 saus
1301 2486 1450 2565 malebat,
1472 2486 1554 2550 calere
1573 2504 1706 2553 morrone
1722 2494 1819 2574 priore
1839 2497 1979 2580 depofieeg

416 2560 528 2638 eepit,
567 2555 615 2622 sed
636 2558 698 2620 fine
721 2555 814 2620 ullius
843 2553 959 2618 codicis
982 2557 1178 2637 audoritate3
1221 2566 1306 2646 qnod
1320 2585 1360 2630 ue
1374 2570 1521 2650 probem,
1542 2573 1630 2653 facit¹
1652 2577 1850 2654 quodminus
1866 2585 1982 2646 cobae-

417 2642 593 2719 eonjecetat
622 2637 713 2702 etiam
736 2638 781 2718 lic
809 2636 1079 2720 Oudendorpiur,
1109 2645 1178 2721 quia
1219 2664 1284 2712 rere
1297 2644 1470 2731 sequentia,
1492 2655 1783 2739 maestaequereneor
1796 2661 1919 2726 delubra
1934 2687 1983 2728 ca·

416 2721 532 2786 scilicet
555 2724 597 2784 ita
616 2719 703 2802 saepe
727 2719 796 2783 alibi
821 2738 1008 2786 occurrunt:
1029 2723 1080 2785 sed
1102 2726 1175 2788 nibil
1218 2742 1344 2811 terroe,
1374 2731 1540 2800 videntur:
1574 2736 1734 2802 &dutum
1758 2740 1828 2804 esset
1846 2760 1982 2812 marrona

417 2804 626 2870 novandum:
655 2821 727 2866 nam
755 2819 856 2867 truces
886 2803 915 2866 dt
938 2802 1077 2869 minaces
1092 2806 1177 2870 oculi
1221 2812 1417 2897 mediaeque,
1442 2834 1578 2899 perquas
1594 2820 1670 2881 aliae
1682 2819 1822 2888 deberent
1837 2826 1981 2913 intelligi,

417 2885 507 2969 saepe
522 2885 721 2951 morientibus
735 2884 854 2949 dantur.
874 2881 929 2948 Sic
945 2883 1056 2949 Florus
1079 2889 1134 2950 lib.
1152 2902 1177 2958 ι.
1221 2896 1419 2979 conjungere.
1429 2917 1493 2963 non
1510 2902 1600 2963 etiarn
1614 2907 1852 2972 controversam
1863 2912 1983 2976 moris·

420 2969 471 3035 38·
491 2969 607 3032 “pape
622 2968 653 3028 ι,
668 2966 798 3030 vultibus
813 2970 924 3039 minoe,
939 2966 1019 3040 &ie
1032 2969 1090 3049 ipsa
1103 2991 1179 3031 mu·
1223 2974 1287 3040 sem
1303 2982 1397 3043 verbo
1412 2980 1556 3063 deposuit,
1576 2982 1627 3046 nili
1644 2983 1674 3047 in
1693 2983 1854 3056 Berberino
1870 2997 1985 3060 codice

419 3063 450 3116 re
464 3050 511 3113 ire
524 3052 657 3114 meeber.
677 3049 726 3111 ubi
746 3050 813 3110 ride
834 3049 973 3111 Freinrb.
994 3050 1182 3133 Agiturqui·
1222 3058 1361 3123 ridiffem
1378 3107 1387 3137 ‚
1406 3063 1552 3145 seposuit,
1573 3068 1657 3145 quod
1678 3072 1781 3134 multo
1802 3077 1980 3155 longiorem

422 3132 494 3195 dem
510 3131 548 3194 ibi
563 3132 599 3195 de
613 3129 789 3193 occisorum
805 3130 836 3193 in
853 3129 966 3211 praelio
988 3148 1106 3213 morte,
1133 3132 1182 3197 sed
1223 3139 1255 3202 in
1280 3143 1453 3225 lugubribus
1479 3143 1598 3209 aruum
1621 3147 1743 3213 indicat.
1765 3170 1836 3219 narn
1858 3159 1979 3240 velles,

422 3215 485 3278 hoc
501 3213 687 3277 minutiores
710 3211 801 3275 facit:
821 3230 882 3274 nec
901 3212 971 3275 ideo
991 3210 1098 3277 desunt
1124 3218 1182 3279 mi·
1224 3221 1335 3301 quibus
1351 3227 1403 3287 diu
1423 3224 1532 3301 usurae
1553 3246 1618 3291 non
1635 3228 1742 3308 essent,
1767 3234 1798 3299 in
1814 3256 1884 3302 arca
1898 3244 1982 3305 sole·

424 3314 483 3361 nae
501 3297 532 3358 in
556 3297 642 3359 aliter
657 3294 937 3390 occumbentibus,
961 3311 1059 3372 quum
1080 3315 1180 3361 mem·
1224 3305 1292 3368 bant
1307 3305 1470 3387 seponere,
1490 3309 1680 3391 bicordem,
1702 3334 1777 3396 quas
1793 3319 1902 3385 iterum
1921 3329 1982 3389 lae·

425 3380 480 3443 bra
495 3376 649 3459 rigent‚&
663 3379 1008 3441 vultusrruculennotet
1024 3394 1181 3459 apparent.
1224 3387 1261 3450 tis
1284 3389 1370 3453 rebus
1398 3389 1600 3455 resumebant.
1625 3394 1743 3460 Tibull.
1767 3418 1814 3463 ιι.
1837 3421 1865 3466 r.
1882 3424 1914 3484 7.
1929 3408 1985 3487 sed

425 3457 468 3525 Er
481 3464 553 3523 biuc
566 3474 683 3523 veteres
705 3457 848 3523 claudere
866 3460 1183 3527 oculoranotientibus
1224 3470 1334 3531 uirides
1350 3470 1526 3558 pulcherque
1539 3476 1633 3554 uerri,
1661 3483 1850 3547 nuecirrdrre
1871 3508 1910 3549 oe
1936 3512 1983 3553 err

427 3542 589 3621 solebant,
612 3559 652 3605 ne
672 3539 811 3620 adspersu
834 3539 891 3603 illo
906 3539 1017 3603 minaci
1040 3557 1184 3611 terrerent
1214 3550 1378 3632 sepofiram.
1399 3556 1448 3618 ubi
1468 3558 1559 3621 etiam
1580 3560 1656 3621 alios
1681 3561 1805 3644 legisse,
1827 3492 1983 3650 repostam

426 3622 606 3705 spebiantes.
626 3622 657 3687 iu
670 3621 784 3687 Hamb.
800 3641 847 3704 pe.
868 3638 930 3685 erat
943 3622 1006 3687 stne
1026 3630 1141 3706 copula
1154 3650 1185 3690 o·
1225 3648 1312 3697 notat
1333 3632 1536 3702 Bersmannus
1560 3640 1597 3702 ad
1619 3640 1718 3705 Orid.
1735 3663 1766 3705 v.
1781 3645 1876 3712 Trisl.
1897 3673 1931 3722 v.
1950 3673 1982 3734 7.

428 3706 516 3770 salos.
1225 3716 1277 3779 ubi
1300 3715 1408 3782 detali
1431 3721 1637 3801 velleagitur.
1678 3721 1891 3799 Eteiusnlodi
1914 3739 1984 3801 illae

471 3803 521 3863 η.
544 3784 612 3849 Nee
625 3787 696 3850 dem
711 3785 749 3872 esi
762 3784 811 3848 isso
824 3785 927 3869 dolor]
952 3787 1027 3851 Hoc
1042 3804 1079 3850 ex
1095 3806 1185 3855 com·
1225 3798 1321 3862 relies
1338 3800 1481 3885 stragulae
1497 3800 1985 3901 PhilemonisdtBaucidos,quor

430 3870 520 3933 muni
544 3869 707 3932 bominum
728 3867 869 3932 sermone
885 3868 1005 3933 diuum
1023 3871 1184 3935 illusltavi·
1225 3901 1281 3942 non
1291 3879 1347 3957 rifi
1358 3898 1484 3967 tempore
1486 3885 1559 3967 sesto
1563 3887 1695 3967 sternere
1707 3896 1984 3981 roaffleronr,apud

431 3969 502 4014 mus
527 3951 564 4013 ad
584 3950 655 4012 Val.
679 3951 704 4014 F
708 3956 729 4016 1.
747 3967 774 4013 r.
797 3967 865 4032 327·
888 3953 997 4033 quibus
1018 3951 1095 4014 adde
1112 3955 1183 4020 infr.
1227 3962 1322 4027 Ouid.
1335 3980 1423 4032 vrtr.
1439 3981 1512 4035 met.
1525 3971 1596 4044 657.
1617 3988 1673 4049 pro
1677 3974 1812 4056 seponere
1824 3982 1917 4055 tisim
1932 3986 1984 4050 dt·

429 4047 525 4096 rttr.
540 4048 603 4115 ¹53·
623 4031 683 4096 Sed
697 4033 769 4095 binc
782 4033 873 4097 etiarn
887 4028 1184 4114 explicandum‘ami·
1219 4057 1328 4126 ponere
1341 4047 1483 4111 Heinius
1499 4050 1621 4133 corrigit
1637 4054 1726 4118 libr.
1739 4074 1811 4141 734.

430 4116 517 4180 nime
532 4133 607 4178 vero
621 4113 817 4194 tentandum,
836 4114 997 4180 Ciceronis
1019 4120 1126 4180 locum
1148 4138 1184 4184 er
1271 4141 1318 4200 30.
1342 4127 1553 4193 Perimedaea
1583 4131 1726 4210 Adfixere
1737 4142 1816 4227 solo}
1850 4143 1888 4211 Et
1904 4150 1987 4215 banc

432 4210 482 4261 Π,
506 4194 598 4263 carn,
614 4214 678 4277 cap.
700 4212 828 4277 epoto:
848 4197 942 4259 musra
954 4198 1086 4281 ronceffi,
1109 4201 1185 4264 mul·
1228 4206 1392 4275 lesiionem
1405 4213 1525 4293 egregie
1538 4230 1638 4279 tuetur
1655 4217 1894 4311 Oudendorpies
1907 4250 1988 4297 cota·

432 4292 466 4341 η
479 4279 677 4361 arripuerim
691 4276 784 4340 dolore
808 4280 840 4340 ir
854 4280 946 4358 oestro
959 4282 1062 4343 timore
1067 4283 1188 4363 firmi,
1230 4303 1275 4353 rra
1296 4290 1426 4358 Bentleii
1440 4297 1582 4358 adnotata
1598 4297 1634 4361 ad
1660 4298 1772 4372 Horat.
1788 4322 1826 4373 rt.
1849 4312 1914 4378 Sat.
1935 4333 1985 4379 rr.

432 4361 487 4423 ubi
507 4364 604 4423 multa
626 4362 804 4439 interpretes
825 4362 1126 4438 comminiscuntur,
1154 4382 1188 4431 ut
1232 4389 1286 4453 ⁷9·
1306 4388 1429 4452 namur
1444 4378 1541 4442 modo
1555 4379 1593 4441 de
1608 4381 1735 4449 veliibus
1750 4390 1900 4477 diximus,
1913 4400 1987 4460 lon·

432 4442 614 4506 sententiani
638 4458 742 4519 aptam
764 4460 798 4503 er
824 4442 944 4509 rimant.
987 4444 1046 4510 Sed
1072 4446 1188 4512 Cicero
1229 4455 1868 4541 giorem&pertinacioremluunmnotar
1910 4478 1987 4561 elfi-

435 4525 510 4589 „pqq
526 4524 607 4587 ,liud
624 4527 710 4600 vult,
729 4523 781 4588 nili
796 4462 827 4586 se
844 4543 917 4589 uero
934 4525 962 4589 dr
978 4526 1187 4624 praesentido·
1223 4556 1295 4619 pere
1312 4540 1382 4602 solo
1396 4538 1639 4623 pronianum
1654 4545 1684 4609 se
1700 4555 1850 4631 projicere
1865 4525 1986 4629 riorum

436 4608 505 4670 lore
518 4605 603 4668 fuilse
615 4604 788 4685 odfridum,
812 4607 861 4669 sbi
879 4624 950 4687 prae
962 4611 1105 4673 omnibus
1120 4612 1186 4676 aliis
1229 4623 1404 4700 interram,
1425 4625 1509 4703 quod
1529 4626 1661 4706 affligere
1686 4630 1843 4715 fignificat.
1878 4661 1988 4709 mane·

426 4690 568 4779 pericula
579 4688 638 4755 dre.
656 4685 743 4754 fuisse
755 4686 924 4774 subeunde,
945 4690 1020 4761 duur
1032 4693 1083 4761 alli
1101 4694 1186 4764 suru·
1228 4703 1299 4771 baut
1314 4721 1389 4790 ergo
1406 4704 1562 4791 propterte
1581 4710 1633 4775 diu
1655 4710 1688 4778 ill
1710 4718 1789 4787 dure
1810 4725 1906 4813 solo,
1926 4740 1987 4872 nese

1968 4823 1988 4870 e
