4296 5658
694 286 1608 387 ‚PRAEFATIO

408 514 656 623 excidere,
698 513 770 606 sed
803 513 1030 628 inglorium
1064 515 1283 606 contemni
1316 518 1359 606 δι
1389 514 1509 627 abjici
1535 515 1665 606 dolet
1720 512 1836 610 Hinc
1873 520 1978 611 mul·

341 642 346 661 ¹
423 635 456 721 ti
480 632 736 724 Ciceronem
761 631 802 719 δι
837 626 1066 745 Virgilium
1100 658 1150 718 ae
1182 657 1313 732 uare,
1357 657 1509 718 eorum
1532 628 1714 745 vestigiis
1740 631 1921 724 insistere
1949 631 1981 722 ss

421 744 591 851 velint,
619 741 909 858 desperantes,
936 746 979 829 in
997 767 1115 843 nova
1142 657 1270 857 libaria
1291 739 1333 830 sc
1358 750 1663 853 conjecerunt,
1708 743 1980 838 &diversum

423 855 626 946 scribendi
644 883 778 971 genus
802 853 966 970 ingressi
987 849 1110 954 sunt,
1137 876 1186 942 ut
1215 857 1258 941 iii
1281 852 1354 941 illo
1383 855 1528 945 saltem
1553 857 1678 970 primi
1704 855 1787 946 else
1814 857 1977 973 possint

420 969 494 1061 Sic
525 968 721 1073 Seneca,
749 965 965 1082 superbiae
992 971 1033 1055 &
1061 967 1219 1084 gloriae
1246 964 1486 1059 vanissimae
1507 997 1662 1060 verum
1680 969 1978 1085 &expressum

423 1082 676 1197 exemplar,
703 1079 783 1169 des
806 1107 927 1169 erans
944 1078 1080 1169 famae
1100 1079 1413 1182 celebritatem,
1442 1110 1498 1169 ex
1516 1079 1633 1168 simili
1649 1082 1871 1174 Ciceronis
1890 1083 1980 1172 scri³

422 1192 551 1290 bendi
572 1198 614 1283 δι
635 1193 758 1284 dicen
793 1197 799 1211 '
830 1220 1019 1309 genere,
1046 1193 1089 1280 se
1111 1192 1236 1282 conse
1267 1194 1308 1280 ui
1362 1190 1479 1297 osse,
1506 1195 1665 1308 primus
1693 1193 1981 1309 eloquentiam

421 1305 630 1422 perdidit,
657 1317 699 1401 δι
725 1306 1056 1409 contaminavit,
1083 1222 1304 1420 splendidis
1325 1222 1495 1419 sperans
1515 1306 1817 1422 vitiis,quibus
1835 1330 1981 1399 tamen

422 1418 526 1510 teste
554 1419 700 1509 Fabio.
722 1417 794 1509 lib.
814 1448 944 1509 viii.
970 1436 1006 1523 3.
1035 1426 1205 1508 uirtutis
1234 1448 1364 1506 nornen
1389 1423 1615 1533 imponunt,
1663 1418 1980 1518 adolescentum

421 1554 588 1621 mentes
607 1529 728 1621 facile
748 1529 866 1647 posse
891 1529 1060 1645 decipi,
1104 1532 1146 1619 &
1168 1528 1258 1618 aliis
1284 1531 1328 1616 in
1356 1529 1552 1618 eamdem
1580 1528 1772 1621 fraudem
1798 1532 1976 1647 illeffis,

419 1643 464 1735 se
502 1641 636 1734 seclae
670 1670 812 1733 novae
846 1642 1114 1732 conditorem
1148 1641 1361 1734 celebrari.
1427 1642 1541 1739 Vide
1572 1643 1687 1734 resle
1714 1645 1768 1735 de
1797 1674 1853 1736 eo
1874 1647 1981 1754 judi·

421 1778 591 1847 cantem
628 1754 961 1864 Quinslilianum
991 1754 1062 1846 lib.
1091 1784 1134 1844 ic
1170 1784 1260 1869 cap.
1289 1784 1325 1842 1.
1357 1753 1438 1846 sub
1462 1752 1623 1862 finem,
1668 1760 1736 1845 cui
1764 1757 1886 1872 plane
1909 1760 1980 1849 ad-

421 1868 587 1959 sentior.
644 1867 806 1974 Alter,
844 1866 959 2068 quasi
987 1867 1072 1955 hoc
1100 1867 1156 1954 ita
1183 1865 1273 1977 sato
1299 1867 1446 1957 datum
1472 1864 1605 1976 esset,
1635 1899 1692 1958 ex
1717 1869 1867 1959 eadem
1890 1873 1980 1965 Ana

421 2007 628 2071 naeorum
653 1988 816 2097 gente,
883 2006 1062 2081 uranus,
1091 1975 1289 2071 similibus
1317 1980 1476 2095 gloriae
1508 1979 1629 2072 salsae
1658 1982 1829 2071 stimulis
1855 1986 1980 2098 agita·

422 2115 494 2184 tus
511 2157 523 2199 ,
541 2096 649 2209 *quia
676 2094 896 2209 Virgiliani
913 2090 1292 2180 consummatissimi
1308 2094 1448 2223 operis
1463 2092 1607 2185 laudes
1627 2094 1880 2227 adsequendi
1893 2098 1981 2186 nul·

423 2207 465 2296 la
481 2213 572 2322 spes
590 2206 848 2321 adpareret,
891 2204 1079 2297 divinam
1092 2202 1251 2323 ,Poe'fin
1276 2205 1320 2289 in
1352 2231 1526 2310 umare,
1565 2210 1607 2294 &
1628 2205 1865 2297 Heroicum
1894 2239 1980 2300 car·

422 2347 558 2422 men,
588 2321 704 2406 omni
724 2316 994 2426 maJestate&
1012 2315 1233 2431 splendore
1244 2233 1580 2430 suolpoliatum,
1602 2317 1656 2406 ad
1681 2317 1980 2411 declamatoria

422 2434 618 2521 acumina
637 2492 651 2534 ,
686 2435 728 2520 &
746 2428 955 2520 Historiae
982 2456 1110 2518 verae
1126 2427 1433 2532 humilitatem,
1458 2447 1547 2516 tem
1608 2431 1662 2515 ris
1684 2429 1832 2519 seriem
1850 2434 1892 2521 δι
1914 2462 1979 2524 re·

422 2572 518 2633 rum
541 2542 760 2647 ordinem,
786 2542 1011 2631 demittere
1033 2539 1328 2742 estagqpelsus.
1385 2539 1514 2631 Unde
1546 2543 1690 2669 aepius
1707 2545 1894 2633 animum
1908 2544 1980 2636 ad·

421 2657 647 2747 miratio&
671 2654 815 2769 stupor
835 2653 1021 2756 incessit,
1049 2656 1169 2768 potui
1204 2685 1228 2742 e
1253 2652 1519 2758 multorum,
1556 2676 1683 2742 etiam
1712 2655 1977 2747 eruditorum

422 2790 590 2862 mentes
612 2769 669 2858 ita
686 2770 930 2872 occaecari,
971 2786 1021 2855 ut
1047 2795 1180 2880 quum
1234 2765 1373 2854 lurimi
1395 2767 1592 2880 ignorent
1618 2765 1720 2880 quid
1746 2765 1794 2857 sit
1831 2767 1976 2878 Poe'sis

423 2885 466 2973 &
495 2881 729 2972 Heroicum
752 2877 962 2985 Carmen,
990 2876 1176 2993 Virgilio
1199 2796 1456 2983 buranum,
1494 2878 1675 2983 Silium,
1721 2879 1904 2971 Statium
1931 2885 1976 2970 &

323 3076 329 3083 .
425 2982 708 3086 Claudianum
731 3011 1016 3108 comparent,
1051 3014 1124 3080 aut
1147 2990 1356 3105 praeferre
1386 3018 1476 3079 non
1503 2989 1760 3081 erubescant.
1816 2993 1888 3082 De
1907 2991 1979 3084 si·
2024 3026 2034 3037 ·

423 3107 484 3195 lio
514 3112 555 3196 &
580 3106 718 3198 Statio
744 3104 897 3218 agendi
923 3126 1064 3220 partes
1087 3103 1166 3190 illis
1194 3103 1457 3218 relinquam,
1522 3105 1563 3190 ui
1590 3102 1671 3193 hos
1695 3104 1850 3195 Poe'tas
1876 3134 1978 3196 cura

430 3219 501 3309 sua
524 3218 673 3334 dignos
702 3215 960 3322 censuerint,
982 3215 1036 3305 de
1054 3214 1362 3321 Claudiano,fi
1386 3217 1475 3307 vita
1492 3131 1700 3345 iupersit,
1727 3216 1879 3331 agendi
1898 3218 1979 3309 alia

426 3329 591 3421 occasio
624 3330 818 3441 dabitur:
861 3328 931 3419 sed
964 3325 1216 3438 Lucanum,
1262 3356 1376 3417 nunc
1403 3330 1517 3417 notis
1544 3327 1757 3418 illustranti
1800 3328 1980 3420 necessa·

424 3448 535 3533 rium
553 3443 720 3549 visum,
748 3444 790 3529 in
814 3440 1125 3557 diligentiorem
1146 3439 1475 3555 disquisitionem
1500 3468 1683 3546 vocare,
1711 3443 1753 3529 &
1770 3470 1983 3533 noricum

426 3557 563 3672 vulgo
588 3559 726 3645 omnis
747 3554 1036 3668 elegantiae&
1059 3554 1206 3642 nitoris
1228 3553 1351 3654 rudi,
1377 3552 1449 3644 sed
1474 3581 1573 3643 cum
1596 3552 1731 3643 dostis
1761 3559 1887 3646 etiam
1914 3556 1982 3646 vi·

425 3670 482 3759 ris
502 3733 515 3774 ,
553 3690 713 3759 certare
765 3665 966 3797 roposui,
993 3693 1102 3780 quos
1116 3666 1375 3760 transversos
1394 3687 1571 3782 egerunt
1589 3664 1793 3757 adsestata
1808 3668 1877 3756 illa
1891 3667 1982 3761 sen·

425 3783 651 3873 tertiarum
671 3778 770 3869 sub‘
820 3800 896 3868 itas
919 3783 961 3870 δι
987 3779 1216 3885 crebritas,
1251 3801 1380 3869 notae
1408 3784 1451 3867 δι
1475 3777 1735 3875 charasleres
1758 3802 1847 3868 tam
1870 3779 1982 3871 dure

427 3891 648 4025 expressa,
701 3913 750 3981 ut
783 3911 906 3982 extra
932 3919 1088 4006 corpus
1115 3894 1354 3997 emineant,
1394 3889 1594 3986 versuum
1612 3890 1863 3982 sonororum
1892 3921 1983 3983 ma-

485 4003 576 4094 rsica
604 4002 810 4110 facilitas,
863 4007 904 4092 δι
925 4033 1033 4117 quae
1056 4003 1176 4118 plura
1203 4003 1415 4095 invidiosis
1447 4003 1639 4095 laudibus
1675 4006 1883 4096 extollere
1917 4005 1983 4094 so·

446 4139 530 4210 ent
587 4117 688 4208 Hoc
708 4145 844 4207 unuin
867 4117 1002 4230 modo
1019 4124 1200 4228 juvenes
1225 4116 1561 4213 animadvertere
1586 4143 1775 4226 moneo,
1815 4122 1858 4208 in
1896 4119 1905 4138 ⁶
1938 4117 1985 4211 sa

428 4230 629 4326 versuum
650 4227 852 4321 struitura
877 4231 1010 4431 magis
1039 4259 1258 4345 pompae,
1299 4260 1438 4345 quum
1455 4259 1731 4321 numerorum
1763 4235 1814 4320 δι.
1828 4260 1876 4318 m
1935 4258 1986 4319 o·

427 4374 548 4448 rum,
574 4341 798 4433 studiosum
812 4338 929 4432 fuisse
989 4371 1201 4433 ucanum:
1226 4343 1483 4434 durissimum
1500 4349 1541 4433 &
1557 4340 1883 4437 obscurissimum
1896 4342 1988 4433 sse·

434 4489 490 4576 pe
511 4462 555 4546 in
580 4454 887 4546 construslione
913 4456 1178 4561 verborum,
1250 4456 1337 4546 uod
1362 4463 1403 4546 δι
1428 4456 1679 4555 Hortensius
1702 4455 1848 4548 adlib.
1874 4481 1987 4548 v11.

429 4575 527 4692 691.
555 4567 721 4701 &alibi
743 4572 944 4677 notavit,
986 4569 1193 4686 Epitheta
1218 4485 1456 4686 longissime
1480 4570 1636 4688 petiisse
1649 4572 1747 4680 ,di
1772 4568 1894 4690 saepe
1919 4569 1992 4675 sof

1883 4704 1991 4775 nan*
