4296 5658
528 364 536 367 ,
776 273 1599 379 arianismum

275 482 278 487 ξ
410 503 707 611 nine-addit,
742 512 860 616 cuius
883 499 1340 595 documentumetiam
1366 501 1486 593 dedit
1524 504 1567 590 in
1600 500 1819 607 obsidione
1856 506 1963 607 Mas«

257 721 262 727 ‚
411 619 578 711 srliensr:
606 646 695 734 quo
719 646 852 733 quum
868 642 1000 709 naves
1014 615 1215 730 quasdam
1238 614 1497 719 adduxisset,
1526 620 1567 705 &
1582 616 1769 708 adventu
1786 621 1859 711 suo
1887 625 1961 715 ob

408 732 534 828 sessos
560 728 867 833 confirmasset,
897 750 1074 843 repente
1099 756 1176 816 eos
1201 727 1392 816 destituit.
1450 726 1498 815 In
1528 730 1619 820 acie
1645 732 1774 820 etiam
1798 732 1963 828 Pharsa-

407 844 488 935 lica
524 846 680 935 dextro
707 845 854 932 cornui
888 838 1135 957 praefuisse,
1180 836 1394 933 fortissime
1417 840 1647 956 pugnasse,
1690 848 1732 931 ἃ
1766 845 1879 936 mille
1916 851 1971 947 in¹

407 957 588 1051 vulnera
606 953 766 1070 lapsum
788 955 961 1069 egregio
983 982 1083 1042 cum
1114 951 1255 1066 elogio
1284 951 1478 1041 Lucanus
1502 957 1613 1052 canit
1640 953 1710 1047 lib.
1737 985 1838 1049 v11.
1870 990 1962 1073 599.

410 1073 455 1159 &
482 1067 600 1157 fimul
624 1073 815 1182 ineptum
840 1071 884 1155 in
907 1062 1118 1168 modum,
1144 1068 1187 1151 &
1212 1063 1449 1155 Homerico
1477 1094 1627 1183 more,
1659 1068 1771 1181 quasi
1794 1070 1964 1185 singula·

404 1185 447 1269 'ri
480 1208 623 1297 pugna
645 1209 748 1271 curn
777 1177 955 1271 Caesare
989 1176 1229 1292 congressus
1262 1175 1428 1282 fuisset,
1467 1200 1568 1268 ante
1602 1202 1785 1267 mortem
1842 1184 1963 1272 lenos

410 1293 644 1395 libertatis,
672 1296 715 1383 &
746 1293 886 1406 magni
907 1292 1034 1381 animi
1057 1290 1246 1393 indices,
1282 1289 1495 1379 sermones
1517 1292 1790 1384 commutasse
1811 1213 1963 1411 ξηρὴ,

411 1411 455 1498 δι
478 1410 533 1495 ita
556 1409 716 1495 summa
741 1433 838 1493 cum
861 1406 1030 1495 virtutis
1057 1401 1182 1491 laude
1208 1399 1409 1490 cecidisse.
1468 1401 1619 1511 Quum
1647 1404 1775 1520 longe
1801 1407 1964 1500 diversa

411 1517 644 1651 prodiderit
673 1515 847 1622 Caesar,
881 1544 964 1611 nec
986 1544 1087 1604 eum
1114 1514 1269 1603 dextro
1314 1517 1461 1605 cornui
1490 1514 1741 1630 praefuisse,
1797 1547 1877 1610 nec
1906 1550 1963 1611 eo

411 1662 456 1721 ur
481 1632 645 1747 proelio
672 1629 814 1718 multis
838 1627 1087 1721 vulneribus
1105 1624 1347 1717 confessum
1374 1625 1646 1734 occubuisse,
1681 1628 1753 1719 sed
1776 1660 1875 1721 curn
1903 1662 1966 1723 re·

411 1745 536 1859 liquis
561 1740 706 1856 fugisse
730 1744 772 1828 in
798 1738 954 1847 castra,
990 1745 1032 1833 δι
1059 1738 1231 1854 postero
1245 1740 1313 1831 die
1339 1770 1397 1830 ex
1419 1740 1497 1829 illis
1521 1743 1564 1827 in
1591 1764 1784 1835 montem
1800 1742 1966 1861 refugis·

413 1858 455 1949 se
472 1888 489 1960 ,·
514 1855 640 1947 &ibi
668 1879 758 1949 non
780 1884 838 1944 ex
862 1853 1106 1949 vulneribus
1135 1856 1273 1966 (quae
1293 1851 1440 1968 fugere
1463 1852 1890 1968 prohibuissenr)·sed
1907 1887 1966 1948 ex

412 1970 427 2057 i
457 1966 501 2056 so
516 1966 640 2083 fugae
656 1970 819 2082 impetu
838 1970 880 2054 δι
899 1964 1157 2069 lassitudine,
1186 1989 1324 2163 guum
1350 1969 1466 2059 vires
1482 1996 1581 2054 eum
1600 1964 1968 2076 deficerent,Cae-

411 1999 499 2171 sasre
516 2108 604 2169 non
655 2079 864 2178 raesente,
881 2077 935 2168 ab
959 2075 1168 2191 equitibus
1205 2075 1303 2167 uisse
1323 2075 1619 2184 intersestum,
1639 2079 1756 2193 quod
1770 2083 1966 2174 Antonio

414 2193 586 2288 videtur
595 2110 826 2285 asscribere
846 2189 984 2283 Cicer.
1005 2218 1068 2277 11.
1084 2188 1231 2303 Philip.
1249 2213 1316 2305 29.
1347 2191 1419 2303 qui
1436 2190 1595 2278 multos
1616 2190 1967 2311 fugientes,qnos

413 2305 568 2399 Caesar
590 2304 743 2397 servari
765 2301 985 2405 voluerat,
1011 2300 1121 2411 jussit
1137 2302 1284 2390 occidi.
1341 2300 1531 2406 Nonne,
1560 2301 1663 2389 dum
1686 2304 1791 2393 haec
1818 2305 1968 2398 scribe·

311 2416 315 2423 ’
414 2440 517 2522 ret,
564 2420 697 2507 tacito
727 2414 891 2530 pudore
918 2410 1098 2507 suffundi
1122 2412 1268 2504 debuit
1283 2411 1447 2519 Poe'ta,
1489 2417 1621 2529 turpis
1657 2416 1848 2506 adulator
1876 2428 1966 2529 eius

414 2528 623 2622 monstris
661 2527 906 2619 &dubitari
935 2524 1058 2642 possit
1086 2550 1139 2615 an
1160 2554 1248 2614 non
1275 2524 1346 2640 ipsi
1371 2525 1563 2629 Poie'tae,
1604 2548 1650 2615 ut
1682 2527 1737 2619 de
1768 2530 1850 2620 alio
1875 2532 1969 2624 Do·

415 2644 537 2735 mitio
565 2642 666 2731 dicit
687 2638 948 2745 Suetonius,
985 2638 1111 2759 fuerit
1134 2669 1174 2729 os
1196 2640 1379 2752 ferreum
1391 2701 1406 2745 ,
1435 2641 1490 2749 6?
1514 2668 1580 2729 cor
1603 2643 1848 2755 plumbeum,
1893 2649 1969 2762 qui

417 2778 506 2848 tam
530 2752 652 2844 facile
670 2784 695 2843 a
710 2752 804 2842 suae
828 2754 974 2845 aetatis
1000 2751 1270 2858 bominibus,
1306 2751 1417 2866 apud
1441 2779 1549 2865 quos
1574 2764 1722 2843 recens
1749 2780 1838 2848 erat
1865 2757 1969 2850 belli

416 2870 540 2978 hujus
563 2864 844 2957 lusluosrssrmi
866 2867 1098 2970 memoria,
1126 2869 1170 2953 dc
1195 2866 1267 2978 qui
1283 2864 1471 2957 Caesaris
1487 2871 1816 2971 commentarios
1847 2872 1970 2965 evol-

417 3010 524 3074 vere
554 2979 774 3083 solebant,
822 3005 929 3075 mox
970 2979 994 3064 s
1013 2977 1170 3077 lendidi
1203 2976 1410 3066 mendacii
1439 2979 1637 3069 convinci
1654 3001 1851 3094 poterat
1895 2983 1971 3076 sed

418 3096 524 3187 haec
552 3088 822 3181 incommoda
845 3088 923 3288 ser}
948 3091 956 3106 '
982 3008 1137 3178 soritas
1160 3091 1327 3203 ineptos
1352 3089 1641 3202 debent‚,qui
1662 3117 1792 3200 vera,
1819 3098 1861 3183 dc
1876 3122 1972 3186 non

870 3116 1057 3307 bblstrata
1085 3222 1332 3316 argumenta
1355 3199 1428 3293 fibi
1445 3199 1619 3305 sumunt
1635 3204 1830 3315 versibus
1855 3236 1974 3309 enar-

416 3209 545 3409 longa
567 3204 816 3319 antiquitate
839 3229 868 3291 ο

418 3348 493 3413 ran
523 3350 559 3408 a.
1442 3378 1446 3389 ,

475 3431 684 3547 Insignem
701 3431 828 3521 etiam
852 3425 1083 3517 mentiendi
1106 3424 1347 3531 libidinem,
1375 3429 1419 3515 ur
1437 3428 1584 3519 odium
1602 3433 1644 3523 in
1663 3431 1888 3525 Caesarem
1905 3460 1976 3526 ca·

422 3544 549 3663 pitale
566 3544 748 3634 declarat
762 3545 805 3628 in
821 3539 1089 3630 describenda
1106 3541 1247 3629 aerarii
1269 3538 1525 3652 expilatione
1553 3545 1621 3636 lib.
1645 3575 1777 3636 111.a
1798 3547 1856 3639 vs.
1877 3571 1975 3662 115.

421 3657 550 3752 advs.
582 3659 671 3752 168.
702 3655 775 3749 ubi
798 3654 902 3742 &in
928 3654 1041 3739 notis
1066 3660 1150 3761 jam
1174 3654 1378 3766 quaedam
1406 3656 1789 3748 animadvertimus.
1845 3657 1977 3749 Licet
2085 3658 2090 3666 ’

422 3769 740 3872 verodcmus,
776 3764 937 3858 bellum
961 3764 1045 3853 boc
1067 3793 1091 3852 a
1121 3763 1298 3858 Caesare
1328 3764 1446 3855 nullo
1471 3776 1563 3877 jure
1590 3799 1688 3970 ers?
1713 3772 1976 3885 Pompeium

420 3879 541 3975 fuisse
570 3903 737 3971 motum
753 3941 766 3984 ,
801 3877 1132 3983 constattamen
1164 3908 1299 3993 aeque
1322 3879 1364 3971 in
1397 3878 1477 3968 hac
1499 3903 1617 3995 parte
1671 3910 1754 3971 unc
1782 3881 1978 3977 debuisse

352 4106 357 4113 ¹
421 3992 710 4111 reprehendi,
746 4020 874 4106 quarn
899 3989 1048 4085 illurn:
1099 3988 1250 4099 Quum
1275 3992 1388 4080 enirn
1411 3992 1574 4081 nullum
1603 3995 1762 4089 bellum
1786 3992 1871 4087 srne
1898 4028 1976 4112 pe·

422 4112 577 4212 cunia,
606 4115 694 4214 ejus
719 4130 886 4211 nervo,
921 4105 1009 4217 geri
1034 4101 1157 4218 possit
1170 4167 1185 4210 ,
1222 4103 1449 4218 Pompeius
1472 4104 1705 4197 Lentulum
1730 4111 1896 4200 miserat
1913 4110 1976 4200 ad

423 4222 645 4340 pecuniam
669 4215 880 4332 publicam
901 4245 958 4307 ex
975 4219 1136 4327 aerario
1149 4217 1416 4331 rapiendam,
1443 4219 1561 4333 quod
1579 4244 1694 4313 certe
1715 4221 1876 4317 sceleris
1892 4249 1975 4337 no·¹

420 4361 685 4455 arenaeque
714 4332 866 4419 mereri
887 4351 1085 4444 poterat,
1111 4359 1162 4419 ac
1191 4328 1377 4424 Caesaris
1407 4328 1578 4425 surtum.
1631 4332 1722 4429 Sed
1743 4331 1974 4449 ¹Lentulus

419 4473 539 4541 metu
556 4445 823 4541 adventantis
840 4441 1075 4555 Caesaris,
1096 4470 1186 4534 non
1210 4476 1234 4535 a
1265 4467 1358 4534 erto
1387 4450 1545 4563 aerario
1565 4512 1590 4554 „
1612 4449 1711 4543 ausu
1739 4471 1858 4553 erat,
1885 4445 1975 4538 cla·

419 4592 584 4685 vesque
610 4559 754 4663 secum
783 4554 1015 4675 abstulerat.
1073 4556 1210 4675 Quod
1228 4475 1399 4673 ‚Cicero
1415 4581 1546 4677 noto·¹
1559 4561 1632 4655 illo
1651 4480 1766 4683 diso
1785 4614 1810 4677 ,ι
1881 4558 1978 4659 uasa
2019 4664 2027 4675 ,

1258 4666 1265 4675 ν
