4296 5658
778 292 1770 443 urneunarn'

408 576 493 672 bus
512 560 671 681 (etiam
699 566 810 656 inter
835 566 878 660 se
905 566 1075 686 longius
1101 564 1374 679 distmtibus)
1399 564 1634 663 terminat(

467 684 630 778 Leuius
642 681 724 787 est,
736 681 855 795 quod
870 680 941 773 sih
952 712 996 777 v.
1017 694 1085 779 28.
1113 705 1263 795 eontra
1284 684 1479 772 omnium
1498 683 1712 775 annasium
1728 682 1881 801 sidem,
1894 687 1978 787 cs

411 799 577 891 missum
599 796 742 907 Vejos
761 794 981 903 habitasse,
1000 794 1168 886 tradere
1183 806 1271 909 jam
1297 796 1364 886 ah'i
1391 798 1642 914 interpretes
1672 801 1978 898 animadverte·

411 935 545 1019 runt,
575 909 628 1003 ad
645 908 869 1001 Lucanum
887 913 931 998 &
949 910 1063 999 Fsor.
1080 909 1150 1001 sib.
1176 939 1212 1000 1.
1233 931 1300 999 22.
1329 909 1510 1027 ideoque
1525 914 1568 1001 in
1584 940 1640 1003 eo
1656 939 1747 1003 non
1763 920 1975 1013 morabor.

413 1026 514 1117 Nec
533 1030 659 1115 etiam
675 1028 785 1113 circa
797 1021 1064 1114 Massilienses
1077 1086 1092 1128 ,
1119 1052 1230 1139 quos
1244 1024 1490 1139 aliquoties,
1516 1049 1566 1116 ut
1599 1025 1669 1116 lib.
1700 1057 1791 1120 111.
1815 1050 1910 1146 340.
1936 1037 1978 1123 dr

130 1237 142 1255 ,
283 1142 286 1147 ’
416 1158 488 1232 '1v.
509 1142 606 1255 256.
633 1136 871 1228 Phocenses
891 1135 1016 1242 facit,
1043 1164 1154 1253 quos
1179 1137 1443 1229 Phocaenses
1463 1136 1580 1229 fuisse
1604 1138 1726 1231 facile
1753 1167 1976 1239 evrcerunt
2077 1228 2081 1235 ,

411 1256 499 1348 viri
520 1251 696 1358 eruditi,
722 1278 805 1341 nec
821 1250 1057 1341 Henricum
1077 1244 1296 1346 Valesrum
1321 1250 1445 1362 hujus
1465 1256 1617 1342 erroris
1662 1276 1861 1345 atronum
1915 1260 1979 1348 uis

412 1366 631 1471 adducat,
665 1393 801 1482 quum
827 1363 871 1455 id
896 1385 1119 1495 peccatum
1137 1363 1440 1496 nonHenrici,
1467 1364 1539 1456 sed
1555 1283 1759 1460 Hadriani
1768 1369 1850 1462 effe
1857 1432 1872 1480 ,
1944 1375 1979 1463 ir

412 1480 485 1573 Cs.
506 1477 691 1586 Iacobus
708 1477 964 1571 Gronovius
984 1476 1098 1567 resse
1118 1476 1356 1567 ostendent
1861 1490 1869 1509 '

411 1628 420 1639 ’
471 1591 554 1682 His
576 1620 680 1708 ergo
697 1589 823 1681 missis
840 1590 894 1682 ad
910 1589 1157 1680 insaniorem
1166 1590 1379 1709 procellae
1388 1591 1461 1687 sih
1470 1618 1515 1687 v.
1527 1616 1619 1708 504
1632 1592 1979 1713 descriptionem,

278 1774 281 1781 .
412 1709 543 1798 etiarn
556 1704 640 1837 ipsa
656 1704 908 1838 Hispanica,
934 1703 1202 1794 transeamus.
1229 1705 1533 1797 Temerarium
1548 1707 1601 1797 ad
1620 1708 1882 1803 arcessendas
1899 1717 1976 1810 sub

412 1822 613 1914 *Antonro
640 1845 787 1936 copias
822 1820 867 1906 in
894 1816 1012 1908 ltalia
1030 1817 1287 1926 haerentes,
1319 1846 1437 1911 mare
1465 1819 1754 1913 Hadriaticum
1781 1828 1979 1937 traJ'ioien'-

414 1933 462 2024 di
479 1930 699 2022 consilium
713 1937 982 2022 &conatum
1004 1997 1018 2039 ,
1048 1940 1165 2041 cujus
1186 1933 1321 2048 ipsum
1350 1933 1576 2025 Caesarem
1602 1935 1788 2050 puduisse
1810 1942 1976 2053 eredo,

414 2050 516 2254 qupp⁶
533 2049 575 2135 in
588 2045 925 2249 &nimirum
943 2043 1105 2244 nuflsam
1128 2052 1219 2246 ejuss
1238 2048 1501 2251 metgipnenr
1515 2046 1644 2252 {epttf
1671 2048 1951 2183 descripturus
1961 2120 1978 2164 ,

297 2268 301 2274 ’
412 2189 475 2364 ii}
502 2178 1181 2403 iiodsdrslolldmuccariildisegerreeffddi
1194 2183 1608 2389 :lsfdfessissdgldigiies
1616 2190 1977 2377 ,argumvshihffi

414 2388 551 2481 casam
573 2387 616 2472 in
635 2384 759 2473 litore
774 2383 951 2501 positam
967 2384 1058 2475 Am
1088 2384 1210 2490 elac,
1233 2387 1433 2516 pauperis
1451 2408 1626 2491 mutae,
1655 2389 1699 2475 δι
1725 2414 1814 2477 non
1838 2395 1976 2508 priva-

416 2499 651 2611 tihominis
666 2497 861 2590 sermone
881 2496 1016 2613 postus
1075 2528 1122 2603 e,
1149 2496 1221 2587 sed
1250 2500 1492 2614 imperantis
1517 2499 1652 2588 modo
1679 2499 1802 2595 brevi
1822 2511 1976 2599 oratio-

412 2641 473 2723 ne
501 2610 777 2744 compulisse,
821 2631 870 2701 ut
888 2609 1045 2742 cymba
1067 2609 1138 2701 sua
1151 2611 1193 2701 se
1205 2611 1513 2744 transveheret.
1570 2610 1730 2745 Senem
1752 2615 1867 2748 hunc
1887 2641 1974 2713 tan-

412 2749 510 2819 tum
527 2746 604 2816 otn
624 2724 831 2831 habuisse,
858 2746 908 2814 ut
927 2751 1070 2815 omnia
1098 2751 1313 2832 ommno,
1348 2754 1458 2841 quae
1481 2754 1507 2817 a
1534 2746 1674 2815 nautis
1698 2727 1858 2846 ubsque
1882 2732 1974 2828 fere

209 2948 221 2955 .
413 2863 625 2933 terrarum
646 2837 860 2933 observari
875 2837 1031 2945 solent,
1049 2836 1163 2954 figna
1177 2843 1219 2928 δι
1235 2837 1501 2954 prognostica
1514 2835 1682 2929 suturae
1696 2845 1973 2960 tempestatis,
2076 2900 2080 2905 ·

414 2974 527 3071 quae
548 2956 626 3047 vix
647 2974 747 3042 toto
764 2951 907 3041 seculo
930 2950 1051 3040 srmul
1067 2980 1267 3067 apparere
1286 2950 1484 3068 possent,
1523 2952 1568 3040 in
1590 2954 1715 3041 unius
1737 2956 1973 3052 nosiumae

414 3069 538 3178 huius
557 3066 814 3181 tempestatis
836 3063 1179 3180 significationem
1204 3063 1482 3180 congesserit,
1516 3068 1560 3154 δι
1578 3065 1839 3177 Caesarem,
1872 3073 1974 3170 licet

409 3179 608 3272 morandi
624 3200 795 3294 tempus
814 3203 902 3267 non
928 3177 1029 3266 esset
1036 3176 1163 3283 ,haec
1172 3180 1383 3293 patienter
1399 3175 1599 3269 audivisse
1606 3239 1620 3284 ,
1641 3178 1726 3268 fine
1736 3183 1827 3271 ullo
1837 3187 1971 3301 pudo-

412 3325 461 3387 re
479 3294 610 3411 fingit
667 3291 782 3383 Inter
800 3290 870 3381 illa
895 3316 1005 3381 vero
1030 3291 1207 3405 plurima
1228 3288 1438 3396 recenset,
1466 3318 1574 3406 quae
1600 3310 1717 3382 cert‘e
1740 3295 1868 3387 nosse
1926 3328 1974 3393 er

395 3408 614 3502 ‘tenebras
631 3405 862 3500 videri-non
874 3423 1152 3521 poterant3ut
1169 3404 1334 3493 innotis
1341 3403 1631 3521 probavimus.
1660 3405 1852 3500 Deindei
1884 3332 1971 3505 ism

413 3520 711 3639 tempestatem
735 3539 852 3611 tanta
866 3517 1103 3610 verborum
1129 3520 1374 3624 atrocitate,
1402 3521 1792 3725 &exaggeratione
1815 3443 1973 3617 insanis·

346 3692 350 3703 ·
414 3636 516 3728 sima
535 3633 674 3727 subito
706 3655 845 3725 ortam
863 3630 1084 3735 describit,
1110 3652 1160 3721 ut
1173 3629 1347 3719 senilem
1367 3658 1392 3719 a
1410 3654 1512 3721 nato
1530 3660 1580 3719 or
1612 3634 1882 3728 chumanum
1930 3673 1971 3732 e·

412 3778 496 3840 nus
522 3775 613 3838 non
630 3745 797 3836 senserit
802 3776 816 3849 3
850 3766 938 3835 tam
957 3741 1103 3835 densas
1121 3743 1239 3853 spisse
1255 3744 1483 3847 tenebras,
1520 3747 1726 3853 utnulla,
1753 3748 1827 3838 nisr
1847 3782 1872 3843 a
1896 3672 1973 3845 sul.

413 3862 628 3969 minibus,
655 3860 733 3948 lux
750 3881 971 3975 appareret
988 3920 1002 3964 ,
1030 3859 1088 3946 ita
1105 3860 1185 3946 uti
1214 3857 1418 3948 sanatura
1435 3857 1585 3950 Chaos
1604 3862 1835 3950 rediturum
1853 3869 1972 3960 time·

415 4001 509 4071 ret:
546 3997 635 4065 tam
650 3976 842 4089 ingentes
866 3976 908 4061 &
929 3970 1039 4061 astos
1057 3888 1371 4078 fiissehusius,
1398 3990 1448 4060 ut
1467 4000 1516 4061 ae
1546 3995 1694 4064 narrent
1709 3973 1971 4093 Leucadium

416 4089 658 4206 scopulum,
696 4091 739 4176 δι
760 4115 869 4175 mox
892 4105 980 4175 tam
1007 4081 1220 4199 profunde
1247 4081 1433 4175 desidisse
1543 4114 1610 4191 as,
1631 4106 1681 4176 ut
1694 4089 1829 4180 malus
1849 4101 1972 4190 navis

412 4209 546 4316 (nota
559 4204 747 4319 ineptam
764 4203 807 4290 δι
829 4202 1106 4315 incongruam
1122 4195 1282 4315 scopuli
1301 4196 1523 4308 Leucadii,
1554 4202 1793 4317 &cymbae
1841 4236 1969 4302 arvae

412 4319 511 4412 masi
527 4316 889 4431 comparationem
905 4316 950 4402 &
977 4309 1313 4522 oppofitionem)
1340 4341 1430 4403 non
1452 4328 1722 4407 cerneretur:
1750 4317 1791 4406 se
1834 4324 1971 4438 aqui.

311 4538 314 4545 ,
412 4433 519 4541 bus,
553 4429 746 4547 quaeso?
773 4450 827 4518 an
852 4424 1018 4523 astum
1049 4455 1100 4516 us
1125 4428 1169 4516 in
1199 4427 1323 4518 litore
1329 4446 1535 4630 pettam
1553 4428 1971 4531 iratensastenebrasa

411 4574 511 4643 nam
524 4565 650 4639 nauta
666 4546 710 4635 δι
729 4540 890 4637 Caesar
906 4560 1023 4635 certe
1048 4544 1301 4673 propiores,
1347 4572 1360 4631 r
1386 4540 1491 4661 qnid
1513 4568 1689 4635 cernere
1713 4541 1902 4660 posent,
1925 4550 1973 4641 is·

410 4662 451 4761 ia
488 4665 569 4765 vix
605 4656 846 4775 conspicere
877 4654 1117 4841 potuissent.
1181 4655 1391 4845 Demque
1412 4685 1572 4756 navem
1601 4656 1756 4757 cirtam
1789 4663 1973 4874 ‘fflfffe‘ss
