4296 5658
540 358 1375 463 urbanarum

152 586 258 682 nihil
267 586 323 680 de
335 585 547 683 illaveris
557 587 884 698 serenitate,aut
893 586 1045 681 ardore
1055 589 1255 682 flammeo
1268 590 1395 707 leget,
1403 588 1739 712 sedbiduojquo‘

154 734 224 807 res
241 733 351 793 curn
370 700 623 795 Afranianis
635 705 831 820 gesserat,
855 707 1071 818 ingentem
1090 728 1180 795 tem
1210 703 1382 794 estatem
1398 731 1589 796 coortam
1597 713 1661 813 ,dr
1678 710 1739 797 ni·

159 818 288 913 vibus
316 847 383 908 ex
414 816 640 909 montibus
679 818 823 913 solutis
851 842 1004 931 aquam
1037 820 1070 904 ri
1122 847 1146 904 s
1180 734 1381 932 superasse
1415 823 1457 907 u
1520 844 1644 912 ontes
1671 850 1739 923 rue

164 954 296 1141 ἕως,
325 936 375 1021 &
402 930 650 1046 complures
677 929 930 1056 dies,(intra
957 954 1057 1025 men
1074 960 1145 1029 em
1178 936 1353 1041 tamen)
1382 849 1590 1041 manlllle,
1609 938 1659 1024 ,ἃ
1682 932 1740 1026 fa

201 1048 339 1136 ricatis
371 1074 432 1135 ex
459 1043 546 1136 levi
572 1047 746 1135 materia
771 1044 984 1149 navibus,
1013 1042 1172 1133 flumen
1195 1042 1392 1152 trajecisse
1455 1067 1590 1136 artem
1616 1075 1737 1136 exer·

174 1165 309 1265 citus,
339 1179 513 1275 partem
544 1156 750 1272 pontibus
779 1153 947 1247 refertis
975 1155 1201 1261 transtisse,
1251 1157 1367 1248 nulla
1435 1160 1605 1277 einceps
1631 1158 1740 1261 fasta

171 1271 443 1363 incommodi
463 1300 521 1360 ex
541 1296 650 1385 aqua
674 1270 1111 1360 commemoratione:
1149 1271 1284 1360 immo
1307 1270 1575 1363 decrescente
1605 1270 1741 1361 flumi-

167 1415 222 1479 ne
236 1384 413 1481 vadum
429 1405 676 1498 repertum,
713 1411 790 1498 per
842 1381 932 1470 uod
954 1382 1135 1496 pedibus
1161 1382 1396 1498 transgielli
1421 1383 1656 1476 Caesariani
1680 1388 1738 1477 A»
1832 1460 1837 1467 ,

168 1499 388 1591 franianos
413 1495 620 1613 persecuti
645 1494 749 1585 sunt.
806 1410 977 1597 sseinde
1005 1497 1048 1582 in
1070 1493 1304 1587 Afraniano
1326 1500 1548 1604 exercitu,
1594 1500 1750 1613 quiin

168 1616 324 1705 altiore
351 1634 464 1701 terra
491 1607 619 1699 castra
636 1607 873 1714 locaverat,
902 1628 1067 1699 tantum
1086 1610 1272 1723 inopiam
1285 1638 1418 1723 aquae
1434 1608 1574 1716 soille,
1602 1633 1649 1703 ut
1663 1615 1738 1702 mi-

167 1728 267 1819 lites
294 1724 449 1841 gladiis
466 1722 548 1811 suis
583 1725 709 1833 (narn
737 1720 935 1814 dolabrae
963 1724 1005 1809 &
1032 1721 1110 1810 alia
1137 1721 1191 1810 ad
1220 1719 1468 1812 fodiendum
1497 1724 1738 1815 instrumenr

169 1863 249 1950 ta,
286 1838 445 1955 quibus
472 1854 702 1927 metatores
724 1833 889 1949 semper
910 1831 1136 1933 instruslos
1159 1832 1374 1925 habebant
1396 1835 1615 1944 Romani,
1644 1838 1739 1947 dee-

170 1958 300 2062 rant)
326 1970 484 2066 putcos
506 1947 728 2051 effodisse,
772 1950 845 2062 qui
870 1967 958 2037 tam
982 1944 1065 2035 alte
1093 1944 1269 2060 depressi
1290 1944 1492 2052 fuerunt,
1558 1972 1737 2041 uantum

173 2093 271 2156 non
296 2062 566 2154 metallorum
596 2060 848 2151 scrutatores
880 2058 921 2148 se
952 2060 1203 2174 immergere
1236 2057 1387 2148 solent.
1441 2060 1542 2150 Ni’
1591 2084 1775 2160 tamen,

177 2208 320 2294 aquae
346 2198 578 2291 repertum,
607 2174 666 2264 ita
695 2193 745 2263 ut
774 2172 835 2262 siti
860 2171 1104 2263 inexstincta
1124 2170 1216 2262 sere
1244 2172 1380 2265 enesli
1405 2170 1571 2264 suerint.
1629 2177 1737 2281 Cae·v

174 2294 245 2382 far
269 2318 383 2382 vero
399 2288 501 2378 nibil
523 2288 636 2378 aliud
655 2349 671 2393 ,
700 2316 829 2401 quarn
847 2282 1102 2390 Afranianos
1122 2317 1242 2399 aegre
1267 2308 1432 2404 aquatus
1450 2286 1566 2376 fuisse
1573 2349 1588 2392 ,
1618 2291 1737 2405 quod

171 2405 308 2517 longe
327 2403 482 2493 abella
501 2403 641 2516 puteis
659 2429 737 2515 per
754 2398 917 2515 gladios
934 2396 1088 2497 effossis
1109 2461 1125 2504 ,
1153 2402 1210 2505 ait
1231 2462 1244 2504 ,
1281 2402 1323 2488 &
1347 2399 1522 2491 tandem
1547 2402 1737 2520 undique

172 2516 360 2611 obsessos
376 2513 633 2605 Afranianos
656 2513 710 2604 ad
732 2511 851 2629 pasta
874 2512 927 2600 de
944 2511 1159 2601 deditione
1187 2510 1452 2616 descendisse,
1704 2560 1708 2569 =
1780 2514 1789 2523 “

227 2630 407 2723 Eodem
435 2629 550 2720 libro
572 2626 632 2719 vs.
661 2653 684 2740 5
745 2695 754 2713 .
784 2624 1020 2717 Curionem
1041 2623 1270 2715 transmisso
1294 2629 1336 2712 in
1363 2624 1555 2720 Africam
1578 2633 1738 2724 exerci

173 2766 223 2836 tu
251 2744 383 2835 castra
406 2740 628 2831 collocasse
647 2656 958 2854 arlllagradanr
974 2767 1079 2832 vere
1102 2759 1241 2826 narrat
1253 2769 1269 2843 3
1296 2738 1367 2828 sed
1389 2739 1447 2828 ad
1469 2742 1591 2853 hujus
1615 2743 1737 2841 fluvii

176 2863 475 2954 mentionem,
511 2875 561 2944 ut
590 2854 632 2955 se
652 2854 786 2942 etiam
813 2850 1022 2941 Historiae
1047 2848 1258 2941 fabulosae
1316 2852 1577 2946 eritilsrmum.
1600 2859 1735 2949 osten·

180 2974 332 3075 deret,
357 2970 567 3078 interjecit
594 2966 750 3065 Arraei
777 2961 996 3068 fabulam,
1024 2993 1132 3078 quae
1152 2963 1236 3051 buc
1250 2879 1352 3053 afris
1368 2971 1571 3096 pertinet,
1600 2998 1734 3083 quum

181 3113 357 3190 omnes,
385 3103 593 3197 quantum
607 3077 824 3178 noverim,
847 3106 948 3166 eum
965 3075 1094 3191 longe
1107 3076 1204 3165 hinc
1218 3079 1262 3164 in
1281 3077 1556 3187 Marmenia,
1584 3083 1638 3172 ad
1659 3113 1734 3201 op·

174 3201 327 3318 pidum
343 3197 502 3310 Tingi,
529 3192 673 3281 sedem
690 3190 873 3287 habuisse
903 3188 1079 3279 tradant.
1104 3189 1206 3280 vide
1228 3191 1366 3280 modo
1384 3191 1432 3283 P.
1452 3192 1593 3285 Melae
1609 3195 1678 3287 lib.
1693 3227 1731 3290 1.

171 3344 264 3431 cap.
285 3338 325 3421 5.
352 3308 482 3398 Hanc
500 3327 643 3396 autem
667 3301 852 3399 fabulam
871 3300 1070 3393 omnibus
1096 3302 1363 3418 eloquentiae
1389 3304 1485 3395 suae
1514 3306 1732 3403 coloribus

174 3422 415 3519 exornandi
437 3444 579 3536 partes
607 3418 679 3507 dat
703 3420 816 3522 rudi,
844 3415 918 3509 vel
937 3436 986 3504 ut
1011 3443 1091 3504 nos
1109 3415 1337 3530 legendum
1359 3417 1636 3527 credidimus,
1663 3430 1731 3512 ru·'
1769 3439 1778 3449 ·
1854 3466 1857 3471 ·

173 3553 232 3632 ris
254 3539 369 3629 istius
385 3534 584 3638 incolae,
611 3558 742 3646 quem
766 3559 823 3619 ex
849 3528 996 3618 ultima
1015 3530 1260 3642 antiquitate
1292 3533 1334 3621 dr
1359 3554 1524 3622 remota
1546 3561 1573 3622 a
1594 3535 1731 3652 vulgo

173 3654 345 3746 scientia
368 3667 635 3764 repetentem
668 3643 839 3746 omnia,
874 3645 915 3731 δι
942 3644 1001 3731 ita
1024 3640 1165 3747 multis
1194 3639 1436 3733 sabulamm.
1458 3644 1730 3761 scriptoribus

171 3769 286 3885 apud
305 3765 538 3854 Romanos
557 3763 600 3847 δι
624 3756 819 3847 Graecos
845 3753 1119 3845 eruditiorem
1141 3753 1337 3844 inducit
1360 3754 1543 3866 Quanto
1565 3756 1731 3853 facilius
1890 3858 1893 3865 ,

174 3888 216 3973 se
238 3876 508 3973 verisimilius
542 3869 750 3975 finxisset,
790 3867 1067 3973 Curionem,
1103 3863 1131 3954 sr
1158 3865 1233 3956 ille
1251 3868 1355 3958 haec
1380 3872 1638 3985 ignoraret,
1658 3875 1729 3966 ali·

204 4024 303 4084 uem
327 4020 387 4081 ex
413 3985 645 4089 Africanis,
672 3983 747 4075 uel
766 3979 1053 4087 desertorem,
1088 3958 1162 4070 vel
1185 3984 1399 4096 captiuum
1424 4013 1481 4072 ex
1501 3984 1730 4083 illustribus

247 4105 452 4196 uritaniae
471 4101 597 4204 viris,
625 4097 698 4213 qui
716 4094 815 4185 inde
840 4093 1042 4184 oriundus
1064 4092 1139 4187 sub
1156 4078 1263 4199 Juba
1283 4093 1516 4204 militaret,
1538 4099 1645 4192 hanc
1667 4101 1727 4194 fa·

175 4218 313 4319 buum
339 4232 614 4315 narrantem,
640 4210 847 4326 patienter
870 4202 1119 4297 auscultasse.
1160 4204 1381 4319 Huictam
1401 4212 1724 4328 intempestivae

173 4332 337 4429 fabulae
365 4347 552 4435 centum
568 4322 658 4413 fere
684 4320 829 4414 versus
848 4316 1126 4453 inpendio&
1143 4316 1297 4411 eadem
1313 4351 1343 4411 o
1421 4353 1466 4429 a,
1486 4323 1584 4414 situs
1606 4324 1730 4441 loco?

176 4476 266 4539 rum
288 4442 596 4566 ignoratione,
644 4428 783 4566 Iubae·
806 4460 925 4551 regor
951 4433 1280 4565 amplitudinem.
1307 4351 1420 4547 ulfi
1448 4466 1600 4529 verum
1629 4468 1730 4532 mor·

179 4562 271 4657 dura
296 4552 533 4664 extendit,
561 4553 604 4640 δι
621 4548 675 4645 ad
692 4548 963 4641 occidentem
977 4546 1173 4657 1Atlante
1197 4573 1341 4663 vrcrno
1360 4547 1575 4663 Gadibus,
1598 4556 1734 4647 unde-

174 4691 307 4796 [ἥρῳ
325 4674 521 4799 longius
544 4663 696 4784 ddlat,
724 4694 766 4779 ⁸a
786 4658 1297 4885 meridlffffgm
1319 4664 1494 4781 regione
1519 4669 1562 4756 δε
1584 4664 1731 4879 Syl-{tia
1757 4774 1759 4779 ,

921 4868 951 4879 -.
1099 4871 1124 4881 „
1473 4878 1498 4893 „
1669 4812 1721 4896 ur
