4296 5658
753 202 1669 412 annonario]

385 508 720 640 ‘praeverteret,
754 514 869 604 lente
892 511 1150 604 festinabam.
1174 510 1268 603 Sed
1284 511 1387 602 dum
1405 508 1614 619 cunctor,
1633 516 1676 605 δι
1695 513 1806 611 fama
1825 518 1957 611 etiarn
2045 544 2049 549 ’

385 635 453 726 ad
489 652 674 738 omnes,
702 630 774 745 qui
800 627 941 719 literas
972 626 1134 715 nostras
1162 625 1396 731 excolunt,
1416 626 1572 714 consilii
1595 632 1680 718 mei
1705 630 1759 719 de
1783 632 1957 724 edendo

397 745 577 839 Lucano
601 763 936 861 pervagaretur,
979 745 1020 829 δι
1045 738 1131 856 ipse
1154 738 1226 828 hie
1248 744 1290 828 &
1319 740 1404 828 illie
1431 740 1658 856 inscriptis
1680 747 1786 834 meis
1813 775 1883 837 me
1911 744 1959 836 id

397 890 525 978 agere
544 855 794 974 profiterer,
828 885 930 946 ecce
956 852 1112 945 iterum
1138 853 1216 942 alia
1241 881 1393 960 mora,
1420 851 1534 941 unde
1554 858 1735 945 minime
1761 858 1958 975 expedia-

400 1000 580 1077 verarn,
615 968 804 1079 injicitur.
860 967 965 1057 Duo
994 969 1108 1056 enim
1128 965 1347 1073 Iuventa,
1384 968 1557 1082 ingenio
1584 973 1628 1057 '&
1655 969 1871 1062 dodonae
1898 977 1956 1063 in·

401 1085 629 1176 crementis
657 1079 869 1196 infignes,
912 1085 955 1170 δι
979 1079 1083 1168 mihi
1101 1081 1228 1169 etiarn
1250 1080 1430 1168 amicitia
1455 1081 1696 1190 conjuniii,
1735 1084 1954 1177 consilium

401 1201 550 1289 ineunt
574 1198 619 1284 in
649 1194 805 1284 eodem
840 1193 971 1283 stadio
996 1192 1259 1283 decurrendi.
1320 1192 1565 1283 Francilcus
1588 1194 1954 1313 Oudendorpius,

399 1338 533 1430 quem
552 1338 610 1401 ex
633 1306 843 1423 disciplina
865 1336 962 1395 mea
992 1305 1184 1421 prodiilie
1206 1306 1373 1420 gloriari
1388 1304 1579 1437 polium,
1606 1312 1831 1423 &praeter
1849 1312 1955 1402 alios

400 1424 476 1515 ulu
502 1419 871 1512 &consuetudine
905 1436 1026 1508 carus
1053 1439 1145 1509 erat
1156 1481 1171 1525 ,
1209 1422 1251 1507 δι
1276 1416 1457 1510 Gotlreb
1486 1417 1696 1527 Curtius,
1735 1428 1953 1539 praecocis

385 1534 631 1628 admodum
651 1532 782 1650 frugis
806 1530 1071 1638 adolescens,
1100 1535 1154 1619 δι.
1171 1532 1244 1646 qui
1269 1530 1323 1620 ab
1343 1530 1486 1647 aliquo
1511 1552 1706 1648 tempore
1727 1537 1952 1629 amicitiam

399 1674 543 1741 meam
566 1675 643 1766 per
666 1648 805 1737 literas
826 1645 1059 1753 ambierat,
1096 1648 1138 1732 δι
1165 1642 1308 1735 officia.
1325 1645 1452 1733 eriam
1469 1643 1660 1760 singulari
1681 1647 1817 1739 studio
1865 1680 1952 1743 rae

397 1763 589 1870 iliterat,
631 1763 675 1849 in
696 1758 892 1850 eamdem
917 1756 1078 1847 Lucani
1101 1755 1254 1846 edendi
1280 1784 1424 1845 curam
1447 1759 1693 1852 incumbere
1713 1760 1757 1851 se
1785 1792 1830 1851 m
1875 1763 1951 1856 isr-

398 1874 622 1994 gnllicaml,
650 1877 693 1964 δι
722 1871 853 1966 ambo
879 1871 1000 1962 fimul
1014 1900 1040 1959 a
1056 1898 1130 1960 me
1142 1866 1367 1963 Heinfiana
1386 1892 1590 1987 excerpta
1605 1873 1746 1966 secum
1764 1905 1956 1971 commu·

384 1991 527 2081 nicari
542 1986 788 2079 desiderant.
1165 2025 1175 2033 r

453 2101 473 2193 l
504 2101 668 2197 livero
696 2102 805 2188 inter
831 2097 873 2187 le
898 2096 1246 2189 aemulatione&
1271 2094 1455 2213 quadam
1479 2097 1718 2206 rivalitate,
1757 2105 1952 2214 accensi,

385 2132 512 2308 nulb
538 2215 626 2304 mei
646 2217 689 2302 δι
716 2209 874 2301 consilii
903 2213 988 2301 mei
1013 2211 1155 2303 habita
1181 2211 1378 2315 ratione,
1413 2207 1519 2298 alter
1548 2211 1729 2302 alterum
1754 2245 1952 2329 praeuer-

386 2350 488 2420 ,tere
510 2324 806 2443 properabant
862 2322 1088 2430 Perculit,
1112 2320 1361 2414 dillimulare
1386 2320 1513 2429 nolo,
1546 2323 1652 2414 haec
1668 2332 1950 2434 iuveuumin»

384 2464 462 2532 -ter
486 2440 528 2530 se
547 2466 636 2529 non
663 2438 849 2528 multum
869 2460 986 2554 grata
1012 2438 1230 2527 contentio
1244 2434 1534 2526 uehementer
1556 2440 1760 2529 animum.
1794 2441 1948 2554 Quum

385 2556 513 2645 ,enirn
535 2575 625 2644 tam
651 2551 760 2641 latus
782 2557 823 2640 &
846 2551 1013 2666 amplus
1037 2550 1080 2638 in
1103 2549 1192 2640 aliis
1215 2549 1375 2662 antiqui
1402 2551 1501 2641 aevi
1533 2549 1802 2666 scriptoribus
1833 2557 1951 2648 indu·

385 2668 536 2760 uriam
562 2664 791 2757 exercendi
818 2692 992 2779 campus
1022 2682 1221 2778 pateret,
1259 2660 1438 2752 mirabar
1464 2662 1566 2777 quid
1590 2663 1845 2780 potilirmum
1875 2669 1950 2763 irbi

395 2780 644 2887 Lucanum,
673 2782 716 2867 in
742 2794 940 2892 quotam
969 2777 1042 2866 diu
1064 2806 1135 2866 me
1150 2774 1295 2865 sudare
1321 2800 1412 2862 non·
1425 2776 1695 2890 ignorabant,
1723 2780 1948 2981 elegissent.

1803 2898 1947 2990 atione

395 2893 568 2990 Eadem
588 2920 698 2985 vero
721 2889 835 3006 apud
853 2890 991 3005 ipsos,
1019 2919 1104 3004 qua
1125 2911 1247 2979 antea
1259 2886 1381 3002 ¹apud
1400 2887 1659 3000 Bentlejum,
1675 2921 1785 2983 excu

386 3009 522 3114 usus,
566 3035 638 3095 me
672 3006 845 3094 minime
877 3031 1029 3093 eorum
1064 3024 1241 3092 conatus
1266 2998 1542 3114 improbare,
1579 3030 1660 3094 nec
1697 3005 1946 3101 obfuturum

389 3119 668 3211 ostendebam
679 3149 692 3220 3
706 3142 891 3206 mecum
912 3136 1056 3205 tamen
1079 3112 1253 3205 doluiffe
1270 3140 1358 3201 non
1376 3110 1614 3223 diffitebor,
1642 3138 1710 3207 tot
1728 3117 1848 3210 limul
1865 3123 1948 3214 edi

393 3235 580 3328 tionibus
605 3231 744 3323 subito
768 3228 1106 3359 emergentibus,
1129 3255 1305 3330 novae,
1340 3227 1580 3431 qdilnellpst
1609 3231 1834 3324 meditatus
1858 3245 1946 3346 jam

1328 3367 1347 3426 s
1402 3367 1456 3428 rc

393 3337 1482 3589 iiffilsffnssfiffial‘uffiillffdiffluae,
1510 3370 1949 3589 latitanti

391 3575 475 3669 bus
500 3572 677 3691 proditrs
702 3596 889 3673 onerarr,
916 3594 1145 3682 inprimis,
1173 3564 1291 3683 quod
1308 3569 1351 3654 &
1366 3595 1471 3659 mers
1489 3568 1829 3664 adnotationibus
1848 3575 1946 3665 alio·

390 3717 490 3891 ll?
514 3674 1670 3888 illinit?&illaudabiliter
1684 3683 1854 3890 illia
1870 3687 1950 3891 sti}

392 3864 610 4003 festidatos
628 3909 722 3998 illos
743 3906 885 3997 foetus
910 3905 994 3997 exs
1016 3857 1179 4012 eiians',
1207 3903 1430 4019 dispicere,
1459 3906 1561 4021 quid
1577 3906 1846 4002 duumvirihi
1861 3864 1949 4004 ’Lu-

394 4055 508 4118 erno
531 4021 773 4112 illustrando
797 4020 955 4110 cuntul‘
989 4040 1094 4125 ent,
1129 4024 1171 4111 δι
1203 4018 1308 4134 quid
1337 4020 1492 4123 etiam,
1530 4018 1559 4108 fi
1584 4045 1817 4117 commune
1845 4027 1949 4143 quid

395 4141 632 4241 baberent,
670 4135 773 4224 mibi
794 4133 1127 4251 praeripuilient,
1153 4130 1272 4249 quod
1296 4131 1447 4223 lubens
1465 4130 1544 4222 illis
1570 4133 1882 4247 transcribere,
1904 4146 1948 4235 dt

395 4249 572 4355 mea‚‘sr
601 4274 683 4340 con
763 4266 909 4353 erent,
936 4247 1066 4341 unas
1088 4249 1213 4362 ongia
1229 4244 1397 4351 delere,
1422 4266 1591 4361 paratus
1618 4277 1746 4341 eram
1793 4252 1858 4344 Ut
1874 4282 1948 4345 ve·

394 4394 446 4458 ro
465 4363 684 4453 nunidem
742 4359 1024 4476 ypographis,
1060 4359 1180 4449 olum
1201 4357 1368 4447 lucrum
1397 4358 1681 4468 venantibus,
1709 4362 1826 4478 quod
1843 4367 1948 4459 viris

387 4473 716 4582 dodis,famam
731 4478 774 4562 da
790 4471 961 4562 laudem
980 4468 1517 4590 spetiantibus,conlilium
1534 4471 1677 4564 sedere
1698 4474 1823 4584 solet,
1846 4475 1948 4613 Lip

388 4590 534 4691 lintis
566 4586 832 4711 bibliopola,
866 4584 1050 4697 videns,
1093 4583 1350 4697 fiduou,
1382 4611 1562 4705 magrue
1580 4585 1705 4695 molis
1734 4591 1950 4818 &pretendi¹
