4136 5654
312 246 483 377 ‘20t
713 214 1633 363 renumeraverat

420 568 425 579 ,
506 474 831 581 Commouet,
867 460 918 558 &
948 453 1110 591 plures
1134 487 1258 591 quae
1280 478 1505 587 mergunt
1519 482 1728 589 aequore
1753 449 1901 592 pinus,

515 600 812 735 Multiplices
838 599 1033 700 cinxere
1061 624 1200 698 rates.
1238 590 1335 695 hoc
1360 590 1508 694 robur
1539 619 1710 728 aperto

515 739 808 879 Opposrtum
839 737 1023 876 pelago.
1062 736 1223 840 lunata
1251 729 1414 836 fronte
1443 732 1707 856 recedunt,

515 882 709 986 Ordine
737 909 978 982 contenta
1006 878 1201 1014 gemino
1228 872 1425 978 crevisse
1452 872 1662 979 liburna.

415 1022 703 1161 535Celsror
729 1049 779 1122 at
807 1021 989 1124 cunslis
1016 1018 1151 1120 Bruti
1179 1017 1398 1155 pretoria
1422 1017 1599 1153 puppis

518 1161 814 1270 Verberibus
845 1160 964 1262 senis
990 1161 1177 1295 agitur,
1214 1155 1491 1292 molemque
1519 1151 1765 1293 profundo

519 1302 746 1425 Invelrit,
782 1306 833 1402 δι
864 1301 1055 1402 summis
1084 1299 1230 1434 louge
1260 1297 1385 1433 petit
1413 1329 1621 1434 aequora
1649 1296 1803 1400 remis.

590 1445 664 1545 Ut
692 1470 880 1543 tantum
910 1438 1060 1542 medii
1089 1436 1244 1540 suerat
1272 1438 1440 1556 maris,
1473 1467 1675 1575 utraque
1704 1425 1846 1537 classis

522 1580 680 1716 Quod
708 1581 851 1687 semel
874 1576 1076 1685 excussis
1103 1573 1256 1718 pulset
1282 1575 1600 1682 transcurrere
1623 1575 1801 1700 tonsis,
1890 1707 1910 1810 Ι

1911 1743 1955 1808 ῃ.

456 2014 529 2076 530.
552 1996 709 2085 Quasque]
736 1997 864 2083 Quisque
877 1993 959 2064 Edit.
976 1994 1095 2079 Gryph.
1115 2011 1181 2059 ma·
1225 1991 1307 2058 bant.
1342 1990 1384 2060 Et
1406 1993 1637 2076 quinqueremes
1654 1994 1706 2059 bic
1729 1995 1834 2059 debere
1853 2008 1955 2058 naemu·

416 2078 481 2161 jor.
501 2080 657 2162 &sinerii
673 2080 793 2146 Richei.
1224 2079 1281 2142 rari
1304 2077 1437 2141 ostendit
1463 2080 1598 2160 deinde,
1637 2079 1723 2159 quod
1753 2078 1847 2141 solam
1868 2074 1954 2135 ddude

462 2181 534 2244 534.
573 2162 616 2225 Er
628 2165 725 2243 plures
745 2185 821 2250 qnae
837 2175 972 2252 mergunt
994 2181 1116 2244 aequore
1132 2160 1181 2242 pi·
1222 2156 1309 2223 Bruti
1333 2178 1443 2224 navem
1466 2160 1591 2225 sererim
1607 2160 1697 2225 fuisse
1719 2162 1808 2223 dicat.
1838 2156 1955 2223 Dubium

421 2244 501 2326 aar]
524 2245 686 2309 Salrttatius
704 2247 739 2309 ad
755 2246 810 2327 Jus
829 2247 924 2310 Attic.
939 2245 1083 2324 papula
1107 2243 1180 2307 citat
1222 2256 1296 2305 tero
1318 2241 1416 2325 facit,
1445 2246 1555 2306 cornua
1566 2244 1600 2306 stt
1618 2242 1798 2313 accusativi,
1820 2260 1856 2304 an
1871 2238 1955 2302 nomi·

423 2329 484 2389 hoc
503 2328 618 2406 modo,
641 2327 794 2409 &longae
814 2351 889 2412 qnae
910 2340 1033 2390 uerrunt
1055 2345 1181 2406 aequora
1220 2325 1311 2386 nativi
1328 2329 1426 2389 casus.
1470 2327 1524 2389 An
1550 2343 1672 2389 cornua
1704 2325 1849 2388 cinxerint
1868 2320 1956 2383 multi·

417 2412 522 2492 pinus,
546 2410 678 2490 &pinus
695 2412 823 2492 explicat
839 2412 877 2474 de
890 2410 980 2474 remis
994 2425 1029 2469 er
1045 2407 1117 2486 pinu
1133 2425 1178 2471 ar·
1220 2407 1315 2487 piices
1345 2407 1413 2471 illas
1435 2425 1555 2479 nares,
1583 2428 1620 2471 an
1645 2425 1739 2471 naves
1761 2408 1827 2469 iliae
1851 2420 1954 2466 cornua.

421 2496 520 2572 bore,
548 2506 582 2554 ut
603 2493 651 2556 bic
671 2491 853 2557 scnottattes
876 2494 905 2557 dt
928 2489 1178 2569 Oudendorpius.
1223 2488 1310 2552 Prius
1324 2490 1599 2571 pttto,‘triremes,
1619 2488 1863 2567 quadriremes&
1882 2484 1955 2565 quitt-

422 2571 512 2636 ldem
527 2571 690 2639 Salmasus
714 2574 825 2638 iterum
848 2594 867 2655 p
890 2572 1059 2654 oportune
1075 2576 1182 2634 locum
1223 2572 1397 2649 quiremus,
1427 2590 1504 2653 quae
1531 2592 1648 2636 cornua
1671 2574 1837 2651 faciebant,
1854 2563 1956 2632 cinxisse

422 2655 599 2738 adducens,
617 2659 666 2722 dat
680 2658 790 2732 nobis,
805 2654 846 2730 sd
858 2658 955 2740 plnres
970 2676 1044 2740 qnae
1057 2668 1183 2716 veranne
1223 2655 1377 2733 minores,
1400 2673 1478 2735 quae
1495 2672 1578 2717 eram
1594 2656 1834 2738 multiplices,id
1847 2653 1956 2730 eti,mt·

425 2760 551 2822 aequora
570 2741 657 2818 pinus
680 2738 853 2823 multiplices
871 2742 990 2805 tinxere
1010 2752 1115 2799 ratem.
1138 2735 1183 2800 lta
1218 2737 1283 2814 jori
1303 2754 1445 2801 numeru.
1490 2736 1645 2801 Praeterea
1658 2742 1875 2817 tentabam,an
1886 2734 1957 2813 pinet

423 2820 542 2891 solebat
565 2822 622 2885 Vir
642 2821 780 2885 summus
801 2823 866 2886 sola
885 2819 1052 2886 memoriae
1071 2819 1183 2883 fidncia
1225 2819 1256 2883 in
1278 2820 1469 2883 nominativo
1488 2837 1555 2883 non
1570 2820 1666 2898 posset
1682 2822 1745 2901 capi
1765 2839 1820 2901 pro
1835 2818 1954 2888 navibus,

424 2907 495 2966 loca
509 2919 663 2981 veterum,
690 2923 754 2966 non
773 2903 911 2985 inspeetis
935 2903 1032 2979 libris,
1053 2903 1089 2963 ad
1103 2901 1183 2964 ressi·
1225 2901 1254 2965 tt
1264 2903 1364 2986 piures
1388 2906 1420 2967 in
1441 2905 1636 2978 accusativo,
1656 2921 1693 2969 ut
1720 2902 1822 2966 sensas
1843 2893 1956 2974 essen&

327 3048 331 3055 ,
424 2986 566 3049 monium
588 2987 689 3049 citare.
713 2986 808 3048 Pinus
827 3005 901 3051 vero
923 3005 979 3066 pro
1001 2983 1110 3061 taedis,
1123 3001 1184 3046 tra·
1226 2985 1333 3063 pinus,
1354 2985 1413 3048 stve
1429 3004 1538 3067 naues,
1562 3005 1641 3066 qnae
1660 2992 1789 3069 plures,
1810 2983 1849 3047 sc.
1872 2992 1955 3044 remos

424 3068 585 3145 libussie.
602 3069 894 3148 poninutisstmum,
917 3069 965 3130 sed
986 3069 1098 3128 vellem
1113 3085 1184 3147 pro·
1227 3080 1370 3147 mergunt
1389 3087 1422 3131 ae
1445 3086 1537 3143 uore,
1560 3088 1652 3149 quam
1677 3073 1812 3134 triremes
1838 3080 1884 3128 aut
1898 3077 1956 3141 qua·

422 3148 495 3212 duci
515 3152 641 3214 lucum,
666 3151 714 3211 ubi
736 3170 792 3231 pro
807 3151 898 3214 remis
911 3150 1056 3213 sumatur.
1074 3144 1120 3211 Er
1139 3148 1185 3227 pi·
1227 3149 1381 3215 dritemes.
1421 3087 1462 3213 st
1479 3151 1548 3215 licet
1564 3150 1859 3231 praecedat-remigis
1876 3145 1956 3216 'ordor

424 3250 468 3294 nu
492 3236 590 3295 multa
609 3233 639 3294 in
662 3234 787 3296 navibus
809 3249 904 3313 erant,
928 3229 1076 3294 malus&
1099 3230 1185 3304 alia,
1229 3231 1315 3294 sensu
1330 3248 1437 3296 tamen
1452 3234 1562 3296 ordines
1581 3237 1628 3296 vel
1653 3256 1747 3297 rennos
1767 3230 1860 3314 posset
1873 3226 1957 3290 subin·

424 3314 508 3377 unde
536 3315 566 3379 sit
591 3333 646 3393 pro
667 3316 736 3378 navi
757 3314 818 3395 ipsa
838 3316 924 3397 saepe
948 3311 1104 3391 occurrit,
1132 3311 1183 3374 sed
1227 3314 1347 3395 telligi,
1367 3329 1401 3376 ut
1419 3315 1448 3377 in
1468 3316 1618 3397 exemplis
1636 3320 1675 3381 ab
1699 3308 1911 3392 Oudendorpio
1927 3304 1956 3367 al

425 3397 549 3479 lignum
571 3396 637 3476 ejus
661 3396 775 3459 arboris
804 3416 868 3460 non
893 3397 991 3459 fietile
1014 3392 1101 3474 satis,
1126 3412 1184 3455 nec
1229 3398 1278 3462 lib.
1303 3416 1350 3460 ιι.
1369 3397 1439 3464 218.
1456 3400 1572 3463 &alibi
1590 3399 1757 3478 produsiis.
1799 3396 1854 3460 Sed
1869 3388 1956 3455 necin

424 3481 546 3543 lentum
567 3495 642 3559 puto
667 3480 726 3543 effe
746 3479 782 3543 ad
802 3497 904 3544 remos
925 3475 1092 3541 faciendos.
1118 3473 1184 3540 Diu
1228 3478 1273 3542 his
1289 3478 1527 3561 acquiescebam.
1562 3482 1734 3545 Credebam
1754 3482 1841 3542 etiam
1856 3477 1882 3538 itt
1895 3485 1958 3533 voce

426 3578 504 3624 vero
524 3580 575 3624 me
598 3564 646 3623 hic
667 3566 755 3626 locus
785 3561 953 3625 sollicitum
979 3561 1100 3639 habuit,
1131 3578 1184 3622 ne·
1221 3564 1320 3644 plnres
1342 3567 1462 3630 haerere
1481 3562 1654 3644 mendum,
1686 3583 1764 3645 quae
1784 3554 1957 3638 superscripti

428 3660 490 3723 que
502 3646 593 3706 etiam
615 3662 698 3707 nunc
718 3647 785 3720 eius
814 3644 935 3708 sensum
963 3642 1117 3722 pervidere
1136 3661 1187 3706 me
1225 3644 1440 3727 rjmnlripiices
1454 3647 1564 3727 irrepat
1580 3649 1611 3708 in
1626 3659 1805 3720 textum.ut
1824 3646 1957 3721 tegeretur·

425 3723 539 3806 jaslare
561 3728 682 3807 audeo,
711 3728 880 3808 cogitabam
902 3743 1005 3790 tamen
1024 3726 1106 3789 sorte
1124 3726 1183 3808 legi
1227 3723 1272 3789 Er
1286 3732 1375 3790 remis
1397 3751 1471 3812 qnae
1490 3745 1606 3816 tergunt
1626 3752 1754 3814 aequora
1770 3725 1884 3812 quinis,
1902 3720 1956 3792 vei,

426 3809 528 3889 posse,
1227 3830 1321 3873 remor
1337 3832 1367 3896 q.
1385 3827 1520 3893 mergant
1540 3832 1661 3895 aequare
1676 3820 1785 3897 quinos·
1802 3819 1959 3890 tergantur·

475 3889 518 3951 Er
531 3895 648 3972 plnres,
662 3914 736 3978 qaae
752 3907 886 3973 mergunt
902 3913 1023 3977 aequore
1037 3889 1155 3971 quinis,
1226 3912 1317 3973 quara
1330 3895 1421 3957 ctiam
1447 3893 1574 3958 Heinsio
1590 3900 1735 3975 placebat.
1781 3890 1865 3952 Vides
1877 3883 1958 3950 ledor

470 3970 651 4054 Multiplices
665 3979 785 4037 cinxere
806 3989 893 4035 rates.
1226 3973 1354 4051 aestum,
1378 3976 1430 4055 qui
1453 3976 1594 4041 nondum
1616 3978 1762 4042 consedit.
1803 3969 1855 4035 Tu
1875 3965 1959 4047 cogits

427 4055 525 4138 qninr's
544 4054 658 4119 scilicet
674 4060 835 4122 ordinibus:
858 4072 892 4119 ut
920 4073 985 4117 nou
1009 4055 1131 4134 solum,
1148 4070 1181 4119 ut
1223 4074 1262 4118 au
1285 4056 1403 4120 feticius
1419 4059 1556 4139 expedire
1579 4064 1653 4123 baec
1674 4060 1776 4142 possis.
1804 4044 1958 4131 'Sequenlls

429 4152 542 4216 praeter
568 4141 705 4202 triremes
743 4139 772 4201 a
808 4140 1046 4218 quadriremes,
1088 4140 1180 4203 etiam
1222 4139 1281 4203 alia
1300 4139 1490 4205 dillintlione
1505 4141 1553 4205 dat
1570 4141 1754 4224 Salmafius,

428 4219 658 4298 quinquiretnes
671 4220 796 4284 adfuisse
813 4222 911 4299 dicat,
930 4239 1007 4299 quae
1021 4219 1180 4284 iusirudae
1241 4280 1248 4311 ,
1492 4222 1557 4286 Hor
1582 4228 1668 4289 robur
1686 4237 1785 4311 aperta

425 4299 467 4363 ita
480 4316 563 4363 erant
580 4304 614 4389 iu,
626 4303 768 4365 cornibus
785 4303 1021 4380 Romanorum,
1031 4319 1063 4365 ut
1074 4320 1179 4382 aperto
1262 4301 1427 4386 Opprfirnm
1438 4307 1539 4390 pelago
1554 4308 1657 4373 innare
1672 4308 1768 4394 claffo·
1806 4290 1948 4366 Recrdatus

424 4383 519 4459 mari,
540 4383 568 4445 id
586 4385 646 4460 esi,
669 4386 790 4461 lougius
806 4388 834 4447 in
854 4404 936 4447 mare
951 4400 1178 4466 procurrentes,
1263 4386 1373 4450 Ordine
1393 4389 1451 4452 ἃς.

381 4487 385 4495 ’
422 4467 593 4545 oppositae,
615 4467 803 4529 includerent
818 4468 952 4529 minores
973 4486 1083 4545 naves,
1102 4486 1181 4548 quae
1223 4483 1288 4531 non
1305 4475 1408 4545 male,
1428 4470 1448 4533 st
1470 4472 1573 4535 innata
1585 4475 1686 4553 from
1708 4475 1852 4549 retineas,
1872 4473 1959 4552 ⁰1⁹5·

422 4547 558 4613 tedaslae
574 4549 652 4611 inter
667 4550 730 4609 duo
745 4548 910 4610 eminentia
930 4568 1064 4629 cornua,
1089 4555 1178 4613 luna·
1221 4551 1306 4613 niens
1321 4571 1355 4616 er
1375 4550 1530 4618 Rhodano
1547 4554 1657 4620 Brutus
1672 4577 1787 4622 cornua
1806 4555 1857 4616 sua
1870 4562 1900 4603 θλ
1916 4555 1960 4601 ¹¹¹·

420 4643 488 4697 tam
507 4631 569 4697 sire
583 4632 729 4697 sinuatam
742 4630 880 4699 frontem
893 4633 1025 4701 nostibus
1040 4632 1179 4701 ostende·
1221 4634 1352 4702 renibus
1371 4683 1382 4720 ,
1419 4638 1652 4721 quadriremibus
1667 4643 1696 4711 tir
1714 4624 1959 4771 qulnqwfffi
