4296 5658
461 258 1916 461 q‚7nnanrarro4ssf'

387 656 391 661 .
422 551 712 673 Reperiebam
733 556 842 647 inter
868 552 949 646 alia
967 552 1199 645 editionem
1221 550 1431 645 Lucania
1459 551 1705 647 Sebastiano
1729 554 1934 680 Gryphio‘

367 668 501 762 Anno
534 692 655 785 1542.
690 691 909 775 curatam,
946 669 1290 789 ad-cujusvoram
1311 672 1523 765 varimtes
1551 668 1649 786 plue
1677 674 1869 789 quinque
1889 679 1933 766 δι

369 785 520 902 viginti
539 785 736 873 codicum
760 780 988 889 lectiones,
1017 786 1059 872 &
1080 782 1223 889 simul,
1253 812 1362 909 quae
1384 785 1493 873 inter
1519 782 1750 984 legendum
1773 793 1815 878 δι
1835 817 1935 879 con·

369 895 594 988 ferendum
623 894 695 1013 ipsi
720 918 843 987 natae
872 893 989 986 fniffe
1019 895 1244 1002 videntur,
1272 890 1533 1007 conjeiiuras
1577 925 1650 988 uas
1669 898 1753 996 Vir
1773 894 1937 992 illustris

290 1070 294 1077 -
369 1010 601 1104 adleverat.
657 1009 731 1101 Ad
762 1027 941 1125 quarum
968 1009 1077 1098 cons
1099 1006 1242 1098 esium
1266 1014 1309 1100 &
1327 1038 1540 1116 examen,
1566 1009 1703 1100 statim
1729 1014 1788 1102 im
1820 1037 1939 1106 etum

369 1151 604 1240 ceperam,
643 1123 731 1212 aliis
760 1145 864 1212 tunc
887 1124 998 1211 curis
1026 1041 1254 1232 diirittus,
1284 1122 1449 1213 nudum
1465 1123 1669 1230 Poetam,
1697 1129 1738 1214 &
1756 1045 1852 1217 sniis
1871 1148 1940 1219 tot

371 1236 692 1353 exemplarium·
703 1235 1032 1353 discrepantibus
1054 1235 1306 1327 leiiionibus'
1327 1245 1551 1344 ornatum,
1576 1236 1795 1354 proserre3
1824 1252 1939 1332 eum‘·
2032 1330 2036 1337 .

373 1353 520 1469 quein
546 1348 677 1439 finem
703 1349 924 1466 exemplar
942 1350 1056 1466 typis
1081 1349 1441 1440 committendum
1453 1359 1540 1460 jam
1559 1380 1820 1467 paraveram.
1849 1353 1940 1448 Sed

406 1493 510 1553 uum
531 1465 638 1553 inter
659 1463 768 1555 hanc
795 1464 1137 1570 meditationem,
1165 1486 1214 1554 ut
1237 1462 1329 1555 fieri
1359 1462 1500 1571 solet,
1537 1469 1577 1554 δι
1608 1466 1712 1555 mihi
1731 1468 1941 1583 quaedam

375 1580 386 1597 ‘
420 1576 621 1668 ustrandis
648 1576 807 1668 Poetae
838 1576 982 1671 verbis
1013 1576 1357 1669 subnascerentur
1378 1576 1703 1686 adnotationes,
1738 1611 1809 1671 eas
1832 1582 1943 1699 dige

376 1716 471 1781 rere
497 1696 539 1781 δι
564 1689 797 1781 Heinsranis
818 1689 1068 1801 conieiiuris
1089 1690 1316 1783 admiscere
1332 1691 1542 1808 incepi,&
1564 1691 1783 1784 consilium
1795 1695 1943 1811 ,quod

376 1805 494 1921 prius
521 1804 808 1912 intenderam,
835 1804 1082 1921 repudiavi,
1110 1809 1153 1896 δι
1181 1806 1225 1893 in
1258 1828 1430 1919 tempus
1457 1804 1666 1921 aliquod,
1694 1833 1782 1922 quo
1809 1832 1942 1899 matu-

378 1916 589 2009 rescerent
613 1923 747 2035 magis
779 1920 1084 2035 cogitationes,
1112 1916 1275 2008 Lucani
1299 1919 1531 2011 editionem
1555 1917 1718 2009 distuli:
1754 1924 1944 2014 maxime

378 2058 489 2125 vero
515 2054 691 2122 manum
714 2030 956 2123 retrahebat
987 2031 1128 2146 inopia
1151 2033 1256 2137 otii,
1294 2031 1413 2147 quod
1442 2057 1571 2123 omne
1594 2030 1685 2121 fere
1704 2035 1863 2150 publici
1890 2036 1946 2151 la·

379 2144 541 2252 bores,
587 2174 696 2260 quos
724 2145 985 2237 Academiae
1012 2147 1170 2260 patriae
1193 2173 1337 2239 novus
1353 2142 1560 2260 professor
1584 2136 1831 2263 impendere
1856 2164 1946 2238 mu·

380 2261 494 2351 neris
515 2258 662 2373 religio
686 2258 874 2370 juberet,
903 2261 963 2347 eri
994 2259 1136 2349 iebant
1144 2290 1160 2361 ,·
1190 2264 1232 2349 dc
1259 2258 1413 2349 deinde
1434 2285 1560 2350 curae
1583 2284 1728 2375 ,duas
1757 2261 1946 2371 ovidio,

385 2368 711 2481 QuiniiilianO,
755 2371 935 2466 Valerio
963 2288 1131 2462 blecca
1165 2373 1208 2461 da
1240 2372 1331 2462 aliis
1361 2370 1615 2487 quibusdam
1645 2372 1947 2490 scriptoribus,

382 2483 676 2591 insumebam‚
715 2485 876 2575 nullam
904 2513 975 2575 me
1013 2484 1176 2575 Lucani
1204 2488 1413 2575 rationem
1447 2483 1605 2574 habere
1634 2487 1950 2601 permittebant.

383 2596 534 2708 Quare
574 2597 750 2691 schedae
785 2598 856 2688 diu
893 2599 937 2686 in
969 2597 1115 2689 museo
1149 2596 1333 2708 abjectae
1368 2602 1411 2688 δι
1441 2596 1659 2715 negleitae
1695 2609 1950 2710 jacuerunt,

384 2710 461 2800 nist
490 2711 609 2827 quod
632 2711 753 2827 saepe
782 2741 852 2803 eas
881 2711 1186 2828 inspiciendi&
1211 2711 1486 2816 consulendi,
1530 2714 1699 2827 quoties
1725 2715 1781 2804 ad
1807 2736 1949 2832 partea

386 2823 612 2915 Lucanum
642 2825 855 2919 advocare
877 2824 1040 2917 necesse
1059 2847 1175 2933 erat,
1202 2825 1366 2929 occafio
1385 2825 1688 2934 suboreretur,
1714 2833 1756 2918 dt
1774 2830 1831 2918 ita
1846 2856 1950 2944 quo·

325 3030 328 3033 a
386 2936 489 3031 tidie
514 2936 604 3029 sere
631 2937 806 3031 accessio
862 2940 1041 3031 uaedam
1067 2938 1410 3032 adnotationibus
1435 2941 1541 3029 meis
1565 2936 1695 3031 fieret.
1724 2940 1863 3032 Simul
1876 2972 1951 3035 ve·

388 3078 441 3143 ro
463 3082 489 3142 a
515 3052 685 3167 reliquis
722 3052 854 3147 labon
887 3062 938 3142 us
965 3052 1120 3168 aliquid
1150 3052 1380 3143 laxamenti
1405 3051 1603 3160 daretur,
1648 3053 1702 3144 ad
1726 3053 1950 3147 Lucanum

390 3165 694 3273 recurrebam,
722 3192 863 3281 neque
886 3164 973 3273 ulla
999 3163 1213 3260 subcefiva
1228 3167 1335 3256 hora
1356 3164 1554 3278 dabatur,
1582 3193 1666 3281 qua
1687 3184 1777 3255 non
1795 3167 1951 3284 aliquid

391 3279 437 3367 in
459 3278 647 3369 chartam
664 3282 940 3390 conjicerem,
967 3283 1010 3367 &
1033 3281 1144 3368 curis
1162 3307 1251 3367 non
1274 3278 1464 3369 secundis
1481 3282 1524 3367 δι
1540 3281 1672 3368 tertiis
1680 3279 1778 3387 ,sed
1790 3281 1953 3399 saepius

393 3386 452 3483 ad
457 3416 642 3485 examen
652 3396 865 3484 revocatis
872 3391 1119 3500 ,Lucanum
1134 3396 1368 3482 accuratius
1386 3391 1686 3507 expenderem.
1716 3394 1805 3486 Sed
1818 3394 1953 3510 quum

392 3512 478 3616 J‘am
501 3505 607 3596 serio
623 3506 666 3594 in
682 3504 876 3599 ordinem
895 3503 1072 3596 redariis
1096 3508 1225 3613 meis,
1252 3506 1493 3595 &aliorum
1521 3509 1565 3594 in
1585 3504 1806 3597 Lucanum
1827 3509 1956 3599 adno-

395 3618 644 3722 rationibus,
676 3618 829 3711 edendi
846 3618 1027 3710 Portam
1042 3617 1096 3708 ad
1121 3618 1370 3735 exemplum
1395 3624 1439 3709 dt
1462 3618 1645 3711 sortitam
1668 3621 1883 3715 Ovidii&
1914 3651 1955 3713 a·

396 3731 552 3821 liorum
591 3761 616 3821 a
649 3761 720 3821 me
752 3752 995 3823 curatorum
1020 3731 1285 3838 Poetarum,
1310 3732 1550 3822 consilium
1577 3764 1626 3823 ca
1656 3764 1807 3840 erem,
1851 3765 1954 3827 ecce

449 3860 564 3935 aeter
576 3843 864 3960 exspeiiatum
891 3874 1061 3952 rumor,
1086 3850 1128 3936 δι
1155 3845 1308 3936 deinde
1331 3846 1475 3937 literae
1491 3878 1516 3937 a
1533 3763 1812 3940 celeberrimo
1828 3847 1955 3940 Bent-

396 3872 482 4066 fcio
507 3957 561 4050 ad
583 3987 656 4049 me
679 3957 854 4075 scriptae
869 3961 1074 4063 veniunt,
1102 3958 1255 4051 ouibus
1279 3958 1321 4049 se
1343 3965 1512 4069 jamjam
1537 3958 1717 4051 Poetarn
1744 3981 1793 4077 ty
1823 3963 1857 4050 is
1882 3990 1956 4052 ex·

399 4071 669 4187 primendum
683 4070 881 4161 daturum
898 4074 1082 4174 nuntiat,
1109 4049 1313 4189 simulque
1326 4102 1383 4161 ex
1402 4074 1560 4190 scriptis
1573 4076 1680 4163 meis
1696 4075 1782 4166 edo
1855 4103 1957 4168 stne

400 4183 454 4277 ab
474 4183 648 4277 Heinsio
674 4183 873 4299 colledaa
895 4206 964 4276 tot
978 4186 1176 4277 codicum
1191 4190 1415 4301 varietates
1431 4184 1660 4303 possidere,
1687 4189 1763 4279 has
1780 4195 1822 4279 δι
1839 4218 1956 4279 meas

402 4325 577 4415 quoque
613 4318 738 4389 notas
773 4296 916 4389 secum
948 4290 1255 4390 communicari
1281 4299 1464 4417 petebat.
1530 4301 1684 4397 Varias
1724 4303 1768 4390 in
1813 4322 1955 4418 partes
2054 4368 2056 4371 -

402 4414 589 4503 animum
615 4440 761 4501 meum
777 4409 846 4502 hic
867 4415 1041 4503 nuntius
1067 4412 1322 4521 diducebat,
1365 4418 1408 4504 u
1439 4416 1510 4506 diu
1539 4414 1739 4509 dubitasse
1764 4443 1835 4504 me
1865 4434 1956 4504 non

400 4524 605 4633 diffiteor,
632 4552 687 4613 an
706 4523 774 4628 ad,
791 4527 976 4617 amicum
998 4527 1041 4618 se
1062 4526 1200 4618 adhuc
1220 4530 1323 4619 mihi
1338 4525 1633 4643 profitentem,
1660 4531 1802 4621 virum
1824 4529 1963 4621 erudi-²

401 4637 599 4737 utimum
622 4634 848 4735 Heinfiana
872 4663 1076 4762 excerpta
1107 4641 1430 4738 uudmitterem
1446 4666 1482 4754 ,·
1501 4649 1547 4737 aa
1575 4643 1660 4761 ipse
1690 4656 1866 4737 omnem
1876 4643 1964 4852 Ide

405 4788 437 4831 a.
478 4768 485 4787 ’
992 4786 1005 4839 r
1917 4789 1964 4868 U}
